1847 3277
233 397 292 449 aig
321 395 472 450 ἔφατ’·

241 1076 324 1118 αἰεὶ
355 1077 497 1131 ῥίμφα
525 1075 656 1120 θέων.

120 1325 207 1366 755,
231 1325 312 1359 756.
362 1319 416 1357 ἂν
441 1319 483 1359 δ’
506 1322 548 1359 ’O
560 1325 594 1359 6.
633 1326 667 1359 h.
697 1338 728 1359 e.
767 1324 884 1369 οἱνιόρ-

74 1384 176 1406 νυτο.
214 1372 301 1412 837,
327 1371 416 1412 833,
450 1370 578 1404 Matth.
604 1372 638 1412 §.
660 1372 750 1413 594,
773 1375 808 1407 2.
840 1394 886 1399 ——-

76 1413 210 1457 αὖτε,
236 1422 368 1450 contra.
409 1417 563 1450 seniores
582 1429 683 1450 cursu
702 1418 888 1452 vincebant

75 1465 162 1518 §ja-x
182 1464 289 1496 minor
309 1468 346 1497 et.
363 1462 528 1507 Ulysses3
551 1470 672 1498 contra
686 1465 888 1498 Antilochus

73 1520 241 1555 juniores,

123 1568 203 1604 757.
237 1566 273 1600 in
293 1563 520 1610 suspicionem
539 1564 681 1599 adducit
699 1565 789 1600 hunc
806 1578 887 1599 ver-

76 1625 148 1648 sum
173 1612 284 1646 Schol.
308 1615 358 1654 A,
392 1616 551 1655 tanquam
584 1611 776 1646 subiectum
809 1614 890 1648 358.

77 1659 137 1694 sed
161 1659 278 1693 eadem
311 1668 432 1692 cursus
459 1657 564 1690 stadii
598 1658 664 1691 suit
691 1658 768 1700 lex,
802 1671 892 1703 quae

78 1705 273 1740 certaminis
299 1703 444 1744 curulis,
480 1708 518 1736 ut
548 1715 614 1736 una
643 1704 733 1737 serie
759 1711 894 1738 starent

78 1757 264 1786 certantes.
296 1749 415 1795 quidni
440 1749 546 1792 igitur
566 1749 626 1789 id,
661 1750 751 1794 quod
770 1751 892 1785 iterum

0 1813 7 1820 ·
67 1799 207 1831 'factum
233 1802 307 1838 est,
341 1796 460 1829 iterum
483 1795 575 1828 dicat
604 1798 708 1840 poeta
737 1797 892 1842 si,mplex

81 1843 290 1887 fastidiaque
313 1842 348 1875 in
374 1843 437 1875 hoc
460 1852 589 1885 genere
612 1841 777 1877 seriorum
808 1849 893 1877 tem-

82 1901 200 1936 porum
222 1888 409 1932 ignorans.
396 1888 414 1912 ‘0

127 1947 215 1986 758,
238 1946 317 1980 759.
352 1943 442 1980 ἀπὸ
467 1944 522 1980 νύ
534 1957 616 1990 σση
629 1959 656 1986 ς.
681 1944 800 1980 νύσσα
816 1947 894 1980 vul-

84 1992 161 2037 gari
186 2002 247 2025 usu
272 1990 398 2025 dicitur
433 1993 668 2037 hippodromi,
704 1992 808 2025 stadii
833 2004 895 2026 au-

85 2045 153 2072 tem
169 2037 354 2082 καμπτήρ.
389 2037 449 2071 sed
469 2050 587 2083 parum
609 2039 643 2072 in
664 2051 705 2072 eo
729 2038 795 2072 sibi
814 2050 896 2072 con-

83 2089 177 2118 stant
204 2089 311 2124 vett„
339 2090 376 2117 ut
392 2084 426 2117 H
445 2085 587 2118 notavit.
614 2084 734 2118 Pollux
751 2086 794 2126 3,
819 2086 897 2120 147.

87 2176 207 2211 hendit
230 2175 318 2216 τούς
340 2174 634 2220 ἀγωνιζομένους
661 2176 704 2211 τό
732 2176 898 2219 στάδιον,

87 2222 154 2257 τὸν
179 2222 340 2266 δολιχὰν,
364 2222 432 2258 τόν
455 2223 584 2258 ιππιον
602 2221 753 2266 δρόμον,
780 2229 815 2257 et
836 2221 900 2259 τὸν

89 2267 231 2311 δρόμον
255 2267 295 2304 ἐν
319 2270 445 2327 καμπῇ
468 2281 527 2303 seu
552 2268 735 2325 κάμπιον,
761 2270 815 2303 cui
824 2282 900 2320 op-

91 2315 222 2360 positus
247 2321 299 2349 est
325 2314 344 2350 6
366 2314 591 2360 ἄκαμπιος).
615 2314 706 2353 ὅθεν
723 2314 791 2359 μὲν
811 2318 903 2360 ἀφί-

93 2374 216 2402 ενται,
229 2362 379 2417 inquit,
413 2361 563 2406 ἄφεσις,
599 2377 629 2398 κ.
654 2361 837 2419 ὕσπληγξ,
868 2377 899 2397 κ.

90 2405 253 2452 γραμμὴ,
276 2421 308 2441 κ.
326 2409 465 2455 βαλβίς.
497 2409 577 2451 περὶ
604 2408 643 2445 δὲ
668 2406 688 2444 ὃ
710 2408 901 2451 κάμπτου-

93 2466 152 2495 σι,
177 2453 353 2496 νύσσα,
378 2468 409 2489 κ.
432 2454 613 2511 καμπτήρ.
658 2456 720 2490 ἵνα
741 2454 781 2490 δε
800 2454 902 2490 παύ-

95 2513 224 2540 ονται,
248 2499 370 2542 τέλος,
393 2514 426 2534 κ.
450 2501 620 2545 τέρμα,
644 2515 677 2538 κ.
705 2501 842 2547 βατὴρ·
868 2501 902 2537 ε’-

95 2559 170 2582 νιοι
196 2545 235 2581 ὁὶ
260 2547 322 2581 καὶ
356 2548 495 2592 βαλβίς.
541 2549 587 2581 cs.
621 2548 661 2583 L.
695 2549 789 2582 Bosii
824 2552 904 2584 Ant.

93 2605 147 2638 gr.
174 2593 283 2628 deser.
308 2594 360 2628 br.
385 2605 430 2648 p.
447 2595 502 2629 85.
527 2606 624 2639 seqq.
659 2607 758 2639 quem
787 2595 904 2628 Pollux

95 2639 183 2674 dicit
213 2640 354 2683 δρόμον
383 2638 567 2682 κάμπιον,
602 2653 735 2673 cursum
764 2642 905 2684 flexum,

95 2686 126 2719 is
149 2685 238 2719 idem
271 2686 362 2720 haud
387 2686 488 2720 dubie
513 2693 566 2720 est
599 2694 704 2731 atque
728 2687 909 2720 usitatiore

97 2732 229 2765 nomine
247 2732 415 2778 appellari
433 2733 551 2766 solitus
571 2734 734 2774 δίαυλος,
752 2732 811 2777 qui
831 2745 909 2766 cur-

98 2787 156 2810 sus
180 2779 229 2812 itu
255 2786 292 2812 et
315 2779 428 2812 reditu
455 2781 708 2824 peragebatur,
731 2784 769 2812 ut
789 2789 910 2812 cursus

100 2823 248 2864 curulis3
279 2836 369 2869 quae
394 2831 431 2859 et
456 2830 607 2859 veterum
637 2826 711 2859 sere
734 2825 910 2880 interpre-

102 2874 172 2902 tum
193 2874 247 2902 est
264 2871 446 2905 sententia.
487 2871 564 2905 binc
591 2873 718 2905 sactum
743 2875 814 2911 est,
835 2868 910 2914 υιὴ

103 2911 234 2958 ἄφεσις
259 2915 360 2950 etiam
383 2915 501 2952 νύσσα
526 2923 730 2958 vocaretur,
755 2917 912 2961 quoniam

104 2961 148 2995 ad
167 2973 262 3003 eam,
287 2966 449 3007 tanquam
470 2962 621 3006 νύσσαν,
650 2968 789 3005 metam,
811 2975 912 3008 prae-

622 119 1054 160 ΙΛΙΑΔΟΣ
1117 119 1171 157 Ψ.

87 2130 130 2164 do
150 2128 434 2174 σταδτοδρόμοις
459 2131 553 2174 (quo
584 2131 718 2164 nomine
741 2142 898 2174 compre·
922 2131 928 2137 '

1634 121 1719 161 265

309 226 549 285 ,,Ὀρνυσθ’
551 260 565 280 ,
599 230 643 272 οἱ
670 228 745 272 καὶ
772 227 933 272 τούτου
966 225 1134 271 ἀέθλου
1164 225 1449 283 πειρήσεσθε.
1445 231 1493 256 '“

410 323 546 354 certant
570 319 657 363 Ajax
680 318 808 361 minor,
832 319 979 364 Ulysses
1000 321 1037 352 et
1059 316 1271 351 Antilochus.

503 395 674 450 ὤρνυτο
705 395 751 440 6'
778 393 922 440 αὐτίκ’
946 394 1118 451 Ὀϊλῆος
1146 394 1277 448 ταχὺς
1305 397 1429 448 Αἴας,

119 455 201 500 755
231 453 287 496 οἷν
316 453 360 497 δ’
386 453 595 504 Ὀδυσεύς
623 453 886 516 πολύμητις,
917 453 1060 496 ἔπειτα
1090 452 1135 495 δὲ
1167 450 1387 523 Νέστορος
1416 452 1526 507 υἷός,

226 510 494 580 Ἀντίλοχος·
531 507 556 554 6
585 510 668 565 γάρ
701 516 802 554 αὔτε
832 512 960 560 νέους
988 509 1099 552 ποσὶ
1122 507 1289 557 πάντας
1319 507 1449 551 ἐνίκα.

233 565 340 610 σταν
370 567 415 610 δὲ
444 569 728 622 μεταστοιχεί·
765 565 931 622 σήμηνε
961 566 1006 609 δε
1035 563 1213 634 τέρματ’
1239 563 1466 635 Ἀχιλλεύς·

232 628 347 666 τοῖσι
376 622 421 666 6'
452 623 537 665 ἀπό
575 623 739 678 νύσσης
767 625 916 666 τέτατο
947 620 1123 677 δρόμος.
1171 637 1264 664 ωκα
1295 619 1338 664 6'
1370 620 1515 665 ἔπειτα

234 678 385 733 ἔκφερ’
413 678 646 751 Ὀϊλιάδης·
678 681 746 724 ἐπι
777 678 820 723 6’
853 679 1026 732 ω’ρνυτο
1057 681 1151 727 δῖος
1178 676 1426 728 Ὀδυσσεὺς,

123 741 206 780 760
236 735 334 805 ἄγχι
362 735 467 791 μάλ’
499 754 558 787 ως
588 737 658 780 ὅτε
687 740 752 788 τίς
782 753 825 779 τε
857 736 1067 794 γυναικὸς
1096 733 1306 804 ἐυζώνοιο

236 792 420 849 στήθεός
448 793 538 836 ἐστι
566 793 736 846 κανών,
769 792 865 836 ὄντ’
897 795 944 836 εὐ
975 793 1090 862 μάλα
1120 791 1238 846 χερσὶ
1267 788 1475 846 τανύσση,

235 851 398 918 πηνίον
427 850 659 921 ἐξέλκουσα
688 850 827 904 παρὲκ
856 851 1002 905 μίτον,
1035 847 1192 904 ἀγχόθι
1223 846 1268 890 δ’
1297 848 1405 901 ἰ’σχει

241 904 450 961 στηθεος·
482 905 539 958 ὡς
564 905 772 959 Ὀδυσεὺς
801 907 903 950 θέεν
933 907 1140 976 ἐγγύθεν·

240 964 355 1018 ι’χνια
383 962 515 1007 τύπτε
546 963 748 1016 πόδεσσι,
782 962 922 1016 πάρος
952 979 1032 1005 noi
1036 978 1077 1004 ιν
1107 960 1434 1033 ἀμφιχυθῆναι·

126 1022 207 1064 765
240 1018 488 1091 210266'62904
519 1021 563 1063 οἱ
590 1025 782 1076 κεφαλῆς
810 1019 877 1076 χέ’
907 1018 1101 1073 αὑτμένα
1131 1020 1223 1068 δῖος
1247 1015 1502 1068 Ὀδυσσεὺς,

714 1079 843 1132 ἰἀχον
872 1075 912 1120 δ’
944 1075 1012 1119 ἐπὶ
1044 1074 1202 1125 πάντες
1227 1072 1388 1129 Ἀχαιοὶ

238 1134 362 1185 νίκης
374 1132 567 1201 ἱεμένῳ,
599 1133 714 1187 μαλα
744 1135 791 1177 δὲ
821 1133 1056 1177 σπεύδοντι
1083 1131 1272 1174 κέλευον

240 1186 338 1232 ἀλλ’
370 1188 441 1232 ὅτε
470 1189 524 1245 δή
554 1188 758 1246 πύματον
783 1190 930 1234 τέλεον
956 1187 1144 1245 δρόμον,
1174 1185 1319 1230 αὐτίκ’
1344 1184 1580 1237 Ὀδυσσεὺς

1172 902 1310 956 αὐτάρ
1341 903 1527 946 ὄπισθεν

931 1324 1065 1369 miaque
1098 1323 1148 1357 ibi
1182 1323 1384 1377 proposita,
1420 1321 1629 1356 redeundum
1666 1327 1743 1356 erat

932 1371 1139 1405 cursoribus,
1175 1370 1225 1402 sic
1251 1369 1352 1402 etiam
1376 1369 1546 1402 vocabula
1568 1368 1685 1403 νύσσα
1708 1376 1743 1403 et

932 1417 1047 1459 τέρμα
1072 1427 1133 1459 pr(
1138 1415 1262 1449 niiscue
1298 1415 1389 1448 dicta
1423 1421 1504 1448 sunt
1528 1415 1561 1448 in
1585 1415 1743 1460 superio-

933 1463 1029 1498 ribus
1062 1463 1141 1497 332.
1171 1468 1207 1495 et
1231 1462 1310 1496 333.
1350 1461 1395 1494 cf.
1433 1461 1601 1505 geminum
1633 1461 1744 1495 locum

935 1509 1062 1552 Odyss.
1088 1506 1141 1546 θ’
1168 1509 1246 1542 121.
1295 1505 1464 1541 τέτατο
1491 1506 1686 1551 δρόμος.
1709 1519 1743 1541 v.

934 1567 1013 1589 aun.
1038 1556 1082 1587 ad
1105 1553 1186 1589 324.
1212 1573 1255 1580 -
1283 1553 1458 1598 ἔκφερε.
1481 1554 1562 1588 376.
1647 1566 1651 1570 ’

984 1613 1064 1646 760.
1113 1611 1338 1668 hjperbaton.
1387 1612 1490 1645 ordo:
1526 1624 1575 1651 ως
1599 1610 1661 1647 ὅτε
1682 1624 1747 1646 κα-

937 1657 1015 1693 νών
1039 1658 1093 1698 τίς
1116 1656 1155 1691 τέ
1177 1656 1250 1692 ἐστι
1275 1655 1373 1699 μάλα
1397 1657 1479 1702 ἄγχι
1503 1657 1662 1702 στήθεος
1684 1672 1748 1703 γυ-

939 1702 1068 1743 ιαικός
1092 1703 1164 1745 ἐύζ.
1175 1729 1185 1745 ,
1220 1707 1314 1738 velut
1337 1716 1411 1737 cum
1440 1705 1561 1738 radius
1583 1707 1749 1740 textorius

939 1752 1125 1785 admodum
1147 1762 1254 1794 prope
1279 1756 1328 1784 est
1352 1763 1410 1784 seu
1443 1757 1604 1785 versatur
1630 1764 1653 1786 a
1683 1763 1749 1795 pe-

940 1803 1031 1831 ctore
1063 1797 1229 1831 mulieris.
1285 1796 1441 1851 κανῴν
1473 1810 1546 1838 τις
1578 1810 1749 1841 γυναι-

938 1842 1024 1923 κιῖὶς
1050 1855 1112 1888 pro
1137 1856 1217 1878 καν.
1240 1857 1416 1888 γυναικος
1438 1856 1550 1886 τινος,
1575 1856 1638 1890 per
1660 1845 1750 1889 hyp-

939 1902 960 1925 a
987 1901 1086 1933 agen.

985 1935 1197 1994 761-763.
1243 1935 1326 1970 Sch.
1338 1948 1346 1969 =
1372 1935 1547 1971 κανών.
1596 1933 1615 1971 6
1640 1935 1753 1971 κάλα·

941 1994 1024 2037 μσς,
1045 1981 1128 2022 περὶ
1151 1979 1194 2016 ὃν
1218 1982 1367 2017 εἰλεῖται
1388 1979 1407 2018 ὁ
1425 1985 1543 2026 μίτος,
1565 1995 1584 2018 ο
1608 1983 1754 2038 {stopo-

942 2026 1548 2074 712169.(Spule‚lleberschiffi)
1582 2027 1756 2064 τανύσ-

944 2086 1006 2120 σῃ.
1031 2073 1205 2120 ἐπιτείνῃ.
1247 2077 1436 2117 πηνίον.
1463 2077 1595 2133 εἴλημα
1610 2075 1757 2120 κρόκης.

947 2122 1148 2175 Einschlag.
1185 2133 1218 2154 v.
1244 2122 1348 2155 Schn.
1374 2134 1433 2158 vv,
1466 2124 1615 2168 πηνίον,
1639 2124 1758 2166 μίτος,

945 2164 1138 2208 ὶστὸςεῑο,
1159 2179 1221 2201 ιιο5
1241 2179 1315 2200 ann.
1336 2168 1378 2202 ad
1400 2167 1445 2210 α’,
1459 2171 1515 2204 31.
1534 2189 1579 2194 —-
1605 2168 1758 2212 παρὲκ

947 2214 1037 2247 idem
1063 2213 1308 2259 propemodum
1333 2220 1385 2248 est
1404 2215 1496 2259 quod
1514 2228 1640 2258 παραε
1665 2228 1696 2249 v.
1714 2214 1758 2256 κ’,

946 2262 1026 2296 391.
1064 2279 1109 2284 -——
1142 2261 1313 2302 μίτον,
1356 2266 1512 2302 stamen,
1555 2274 1661 2306 germ.
1695 2264 1759 2296 den

948 2307 1115 2350 Aufwg,
1142 2307 1197 2339 die
1222 2306 1336 2341 Koite.
1386 2308 1507 2341 Voss..
1500 2321 1507 2329 ·
1540 2310 1642 2342 sowie
1667 2309 1760 2342 dicht

949 2365 994 2386 an
1023 2354 1081 2384 des
1105 2352 1423 2396 schfingegtirteten
1450 2355 1585 2397 (malim
1610 2355 1759 2398 wohlge

947 2402 1130 2445 gurteten,
1155 2403 1190 2432 et
1213 2410 1288 2432 mox
1308 2399 1398 2432 uohl
1421 2412 1483 2444 pro
1507 2402 1626 2441 εοΙιῦη,
1652 2401 1761 2446 siqui-

951 2448 1026 2479 dem
1050 2445 1230 2478 textricem
1256 2445 1341 2478 dicit
1365 2457 1517 2488 serv,am
1552 2448 1608 2480 vei
1633 2459 1762 2481 merce-

949 2491 1091 2531 nariam,
1117 2502 1216 2534 quam
1240 2491 1328 2524 bene
1346 2492 1490 2526 cinctam
1515 2504 1590 2526 esse
1612 2499 1762 2536 oportet,

951 2548 1018 2582 quo
1053 2537 1162 2578 bene,
1203 2548 1266 2570 nec
1295 2543 1392 2570 veste
1426 2539 1556 2572 fluente
1584 2539 1762 2583 impedita,

951 2594 1037 2627 opus
1054 2583 1193 2628 saciat)
1218 2584 1338 2617 weibes
1357 2585 1469 2617 Buscn
1490 2585 1554 2617 das
1579 2586 1769 2630 Websclnjff

944 2630 1062 2673 fliegt‚
1087 2630 1151 2661 das
1172 2630 1273 2663 schim
1296 2631 1356 2663 mit
1376 2632 1438 2663 den
1458 2632 1594 2664 handen
1614 2633 1664 2665 sie
1682 2644 1763 2665 aus-

952 2677 1057 2718 mirsi,
1084 2676 1238 2709 Zieheud
1261 2677 1324 2709 das
1342 2688 1433 2715 ‹rar-n
1452 2689 1525 2709 vom
1546 2679 1673 2711 knauel
1686 2690 1763 2712 zum

954 2722 1118 2766 eintmg‚·
1142 2723 1231 2755 nahe
1254 2723 1331 2754 dem
1353 2723 1455 2757 husen
1474 2723 1604 2758 Lenket
1625 2725 1686 2758 sie·

1002 2776 1121 2814 764-
1134 2780 1212 2814 763.
1249 2778 1382 2822 ἴχνια
1406 2801 1452 2807 -
1476 2779 1590 2839 ἀμφ.
1623 2780 1765 2828 ἐπέβαι-

957 2838 1020 2860 νεν
1044 2823 1164 2859 αὐτοῦ
1190 2828 1268 2865 τοῖς
1301 2825 1413 2869 ἴχνεσι
1444 2827 1531 2866 πρὶν
1568 2825 1590 2872 ἢ
1614 2841 1765 2871 κονιορ-

957 2873 1139 2915 τωθῆιαι.
1189 2868 1411 2925 ἀϋτμένα.
1439 2875 1530 2917 (od)
1539 2886 1583 2907 55
1601 2874 1631 2918 γ’
1635 2877 1766 2918 ,289.)

958 2916 1170 2960 ἀναπνοήν,
1197 2911 1338 2961 ἆσθμα.
1371 2920 1417 2952 cf.
1437 2919 1534 2964 Virg.
1555 2921 1593 2953 Α.
1601 2887 1662 2962 γ’,5
1687 2919 1767 2956 324

961 2984 1003 2990 -—
1038 2963 1512 3009 ,,πύματονδρο’μυν.
1545 2967 1624 3004 373
1668 2968 1766 3012 Virg-
