1847 3277
612 133 1043 174 ΙΛΙΑΔΟΣ
1101 135 1148 174 X.

1627 132 1712 171 215

216 236 253 296 ᾦ
289 244 433 297 Τρωες
463 241 574 285 κατὰ
603 255 736 293 αστυ,
764 245 857 297 θεῷ
885 239 963 291 ὡς,
995 239 1269 296 εὐχετόωντο
1274 245 1299 265 “

263 332 342 355 mox
366 320 458 355 redit
481 332 555 355 cum
579 320 740 363 Graecis,
765 319 906 364 alligato
931 319 974 354 ad
999 331 1135 354 currum
1161 318 1324 353 Hectoris
1327 330 1499 373 corpore,
1524 316 1616 364 quod
1635 321 1708 352 tur-

180 365 272 411 piter
302 367 475 401 foedatum
510 366 665 401 videntes
697 378 717 400 e
752 367 855 400 muris
893 366 1037 400 Hecuba
1072 366 1298 409 Priamusque
1325 365 1400 410 ipse
1423 369 1460 399 et
1484 363 1632 409 Trojani
1656 364 1708 399 la-

175 417 382 449 mentautur.

95 481 180 524 395

277 474 340 522 ’H
361 479 445 534 ρἀ,
473 479 547 522 καὶ
563 478 754 532 ’Ἐκτορα
784 480 881 522 δῖον
911 476 1056 523 ἀεικέα
1085 477 1243 548 μήδετο
1273 475 1391 531 ἔργα.

209 533 471 605 ἀμφοτέρων
499 535 736 591 μετόπισθε
767 538 921 578 ποδῶν
947 536 1122 591 τέτρηνε
1148 534 1355 583 τένοντας

209 592 253 643 ἐς
281 591 456 648 σφυρόν
484 592 532 636 ἐκ
558 592 767 648 πτέρνης,
800 592 1009 646 βοέουςδ

1062 592 1237 648 ἐξῆπτεν
1266 588 1462 645 ἱμάντας,

211 647 259 692 ἐκ
285 650 466 704 δίφροιο
496 647 543 692 δ’
563 649 720 720 ἔδησε,
749 647 862 722 κάρη
892 647 936 692 δ’
968 648 1172 692 ἕλκεσθαι
1201 647 1349 691 ἔασεν·

209 703 253 756 ἐς
281 706 445 760 δίφρον
473 703 514 749 δ’
545 704 739 766 ἄναβοὶς,
771 703 858 748 ἀνά
887 721 932 748 τε
961 705 1099 749 κλυτοὲ
1128 703 1268 760 τεύχε’
1303 699 1464 757 ἀείρας,

82 760 410 816 400*μοέστιξεν
438 760 484 806 6’
517 761 674 812 ἐλάαν,
707 778 767 805 τω
798 760 844 805 6'
873 761 956 805 οὐκ
983 761 1140 806 ἄκοντε
1168 761 1398 815 πετέσθην.

39 840 309 884 triumphantes.-
333 841 414 875 belli
435 853 533 875 mora
550 842 696 876 concidit
707 843 846 876 Hector.

39 886 138 931 Virg.
163 887 247 920 Aen.
275 889 337 929 11,
365 887 444 922 14.=
469 889 623 922 maxima
639 900 695 922 res
710 890 847 933 effecta,

35 933 114 966 viri.
146 934 249 967 timor
267 935 375 968 omnis
393 935 530 976 abesto,
559 936 658 978 Quod
673 940 846 978 superest:

36 978 123 1012 haec
145 984 225 1013 sunt
241 980 351 1022 spolia
375 985 409 1013 et
432 981 475 1013 de
497 992 582 1025 rege
606 983 748 1024 superbo
771 981 848 1014 Pri-

37 1025 175 1066 mitiae,
208 1026 433 1082 manibusque
461 1028 545 1060 meis
577 1027 768 1061 Mezentius
792 1027 847 1060 hic

36 1075 99 1104 est.
146 1070 201 1103 Ε·
233 1071 354 1106 ἰστέον
381 1070 423 1107 δὲ
455 1069 514 1107 ὅτι
541 1071 584 1107 τό
623 1070 846 1129 ἠράμεθα

33 1127 74 1160 μ.
107 1117 253 1170 ’‘i-QG
283 1118 346 1152 καὶ
377 1116 461 1162 ἑξῆς
492 1116 746 1176 ε’χρησίμευσέ
755 1131 846 1154 ποτε

34 1174 97 1196 και
120 1162 173 1208 τῷ
195 1163 261 1205 τῆς
284 1163 447 1205 ἱστορίας
477 1166 636 1207 Τίμωνι,
664 1162 706 1204 ὃς
729 1163 767 1200 ἐν
792 1166 844 1210 τῷ

33 1210 227 1251 συμπίνειν
249 1209 421 1254 Λακύδῃ,
447 1222 542 1245 κατα
562 1210 629 1255 τὴν
645 1208 842 1256 Ἀθηναίου

30 1254 127 1297 (10.,
152 1266 186 1299 p.
207 1254 275 1289 438
295 1256 357 1299 A.)
383 1257 568 1298 ἱστορίαν,
591 1257 757 1301 νικήσας,
779 1258 840 1292 καὶ

33 1301 126 1335 ἰδών
149 1300 290 1336 ἐκεῖνον
312 1301 495 1345 πρότερον
527 1299 686 1338 οἷπιόντα
710 1303 749 1339 ἐκ
772 1305 842 1339 τοῦ

34 1350 264 1390 συμποσίου,
292 1346 363 1393 ἔφη
394 1347 436 1383 τὸ
463 1347 527 1393 η’ρ.
552 1349 669 1394 μέγα
694 1353 746 1385 ns·
739 1352 843 1391 δος

32 1406 65 1428 κ.
89 1392 172 1438 ἑξῆς
196 1391 284 1428 ὅλον
308 1408 376 1429 τον
399 1397 532 1439 στί.χον
583 1399 628 1443 τῇ
660 1395 698 1430 δ’
733 1394 840 1432 ὑστε-

30 1440 145 1494 ραίᾳ,
181 1439 296 1484 φασὶ,
338 1443 505 1482 Τίμωνος
527 1441 779 1484 προαπιόντος
803 1443 842 1479 ἐκ

27 1499 100 1521 τον
122 1485 242 1521 πότου
265 1486 331 1521 διὰ
354 1486 396 1524 τὸ
418 1487 470 1533 μὴ
494 1490 711 1544 δυνηθῆναι
735 1487 841 1525 ἐκπι-

28 1536 88 1569 εῖν
111 1532 180 1576 τήν
211 1537 471 1574 προποθεῖσαν
503 1534 608 1579 αὐτῷ
637 1535 783 1576 κύλικα,
818 1533 838 1570 6

33 1577 186 1623 νικήσας
209 1578 392 1636 Λακυὸης
405 1580 660 1625 ἐπιλεξάμενος
682 1584 757 1616 τῶν
776 1579 839 1617 Ο-

28 1625 154 1681 μήρου
180 1625 252 1671 ἔφη
277 1625 319 1662 τὸ
342 1624 404 1670 (ζ’,
431 1628 517 1669 127,
543 1627 595 1672 φ’,
622 1629 720 1672 151.)
751 1629 837 1663 δυ-

30 1671 219 1720 στήνων
244 1672 294 1708 δέ
316 1686 362 1708 τε
386 1675 557 1714 παῖδες
581 1673 680 1730 ἐμῷ,
698 1675 837 1718 μένει

27 1716 334 1754 avenionem&
359 1720 473 1754 ExH.
526 1720 835 1777 801ι.;ήράμε-

27 1769 107 1800 θα.
130 1763 377 1822 ἐκτησάμεθα.
403 1785 441 1792 -
465 1768 561 1812 θεῷ
584 1764 653 1809 ὡς,
677 1769 769 1812 εὗχ.
795 1766 835 1809 ε’,

29 1813 109 1846 78..
139 1811 231 1852 θεὸς
260 1809 302 1846 δ’
327 1808 376 1852 ὥς
399 1814 496 1848 τίετο
521 1801 640 1858 δήμῳ.
683 1815 729 1848 cf.
753 1814 834 1855 434,

60 1859 162 1900 ,33
185 1859 228 1899 λ’,
251 1860 296 1894 58
317 1865 383 1891 etc.

25 1870 203 1940 3333395-
223 1907 304 1961 400.
349 1901 554 1947 Εκτορα
598 1906 633 1940 6.
671 1901 837 1940 οἷεικέα

24 1949 204 1994 μήδετο
239 1949 365 1994 ε’ργα.
405 1951 456 1985 sic
489 1952 569 1985 item
594 1949 648 1995 ψ’,
674 1952 752 1993 24.,
776 1953 836 1986 ubi

23 1997 140 2031 Schol.
160 1998 211 2030 Β.
234 1996 292 2041 μή
306 2008 430 2032 σατο.
453 1998 552 2041 (sic.)
579 1999 659 2033 ἀντὶ
678 2000 746 2033 τοῦ
763 2000 836 2043 εἰρ-

21 2042 173 2088 γάζετο,
196 2043 334 2084 ἐποίει,
358 2055 450 2088 quae
467 2045 571 2077 verba
572 2045 758 2099 duplicem
778 2056 836 2078 ac-

18 2091 213 2125 cusativum
232 2090 436 2124 adsciscunt.
468 2090 528 2124 sed
547 2088 594 2135 η’,
613 2092 712 2126 478.·.
739 2103 834 2125 παν-

21 2135 150 2180 νύχιος
183 2136 225 2171 δέ
257 2148 349 2179 σφιν
380 2149 477 2171 κακα
509 2137 650 2193 μήδετο
680 2138 833 2181 μητιέτα

20 2184 149 2225 -Ζενς,
166 2194 230 2216 nec
253 2182 354 2216 aliter
377 2182 412 2215 in
438 2181 650 2227 Odysseay'
655 2185 768 2225 1,32,
792 2183 832 2225 ε’,

22 2229 92 2276 233
126 2234 162 2262 et.
191 2228 340 2281 saepius.
389 2229 434 2264 cf.
468 2229 594 2263 Manli.
619 2230 770 2273 §.409‚
795 2233 829 2274 1,

20 2275 56 2308 b.
88 2291 133 2300 -·-
161 2273 447 2316 μετόπισθε,
480 2287 503 2308 a
532 2281 641 2321 tergo.
675 2295 718 2300 —
756 2276 828 2312 τέ-

19 2331 215 2360 νοντας,
246 2331 312 2353 non
336 2319 492 2362 τένοντε,
523 2326 564 2355 ut
586 2323 703 2365 vulgo,
726 2323 824 2357 Vrat.

19 2367 76 2409 d.,
101 2377 187 2400 unus
211 2366 358 2400 Vindob.
384 2373 420 2400 et
441 2367 583 2411 Dionys.
611 2369 721 2402 Halic.
741 2369 763 2403 l.
783 2370 827 2403 de

19 2419 141 2446 struet.
170 2419 256 2446 orat.
290 2423 319 2445 s.
347 2414 420 2453 18.‚
454 2413 511 2446 ubi
543 2413 627 2449 haec
657 2415 825 2451 laudavit.

18 2459 76 2503 leg
79 2460 149 2493 itur
171 2458 304 2502 quidem
330 2454 526 2501 ἀμφοτέρω
546 2460 620 2494 sive
638 2459 752 2503 ἄμφω
770 2460 827 2497 τέ-

16 2517 122 2540 νοντε
139 2503 191 2541 6¹
216 2505 303 2545 521,
328 2504 367 2545 ε’,
389 2506 457 2539 307
482 2511 518 2538 et
542 2507 649 2547 alias,
672 2508 731 2540 sed
759 2519 825 2541 non

17 2551 126 2586 miuus
148 2549 313 2590 τένοντες
337 2548 387 2587 π’
408 2553 502 2593 587,
526 2564 575 2594 υ,
595 2554 677 2593 478,
696 2554 822 2598 OdySS.

17 2597 60 2641 γ’,
87 2599 174 2638 450,
200 2603 236 2631 et
261 2597 334 2630 loco
357 2597 481 2640 simili,
507 2597 550 2639 ρ’,
574 2600 665 2640 290,
690 2600 747 2643 qui
772 2600 824 2632 sie

17 2644 142 2679 habet·
166 2640 372 2688 δησάμενος
383 2643 645 2699 (Πάτροκλον)
663 2646 825 2688 τελαμώ-

16 2696 53 2723 ῠι
75 2689 176 2732 παρὰ
200 2689 344 2732 σφυρὸν
369 2687 469 2734 οἷμφὶ
492 2691 676 2731 τένοντας
705 2692 823 2736 itaque

16 2735 155 2769 liberum
181 2736 245 2770 hac
268 2738 311 2769 de
331 2748 369 2770 re
387 2748 462 2770 esse
486 2738 637 2772 arbitror
657 2738 821 2781 judicium

15 2778 242 2822 eruditorum,
284 2793 346 2816 uec
379 2793 503 2816 vereor
539 2796 579 2817 ue
613 2784 693 2817 mihi
734 2784 820 2817 vitio

14 2833 163 2868 vertant,
187 2828 279 2883 quod
304 2829 492 2872 expulerim
518 2830 820 2864 homoeoteleuton.

15 2892 58 2898 -
83 2872 279 2917 σφυρόν.
302 2873 442 2916 δ’,518,
468 2873 511 2916 ρ’,
525 2878 603 2911 290.
620 2896 665 2902 -
688 2876 819 2918 πτέρ-

15 2921 279 2963 annualem.
298 2939 345 2944 ·-—
368 2922 575 2965 ,,βοέους
601 2922 819 2965 ἱμάντας.

13 2965 128 2999 balteo
153 2966 234 3006 illo,
268 2977 366 3010 quem
403 2969 487 3011 Ajax
512 2970 653 3002 Hectori
679 2970 820 3003 donavit

12 3010 53 3054 ζ,
77 3013 155 3048 303.
170 3037 180 3055 ,
206 3011 311 3056 pedes
336 3013 435 3056 hujus
454 3015 614 3050 Achillem
641 3017 818 3060 religasse,

893 848 1017 878 auctor
1036 847 1088 877 est
1104 842 1211 888 Soph.
1232 842 1355 895 Ajace
1353 836 1549 873 955-957.
1555 835 1643 868 “Es
1655 835 1701 868 H.

894 909 935 914 -
962 887 1192 932 μάστιξεν
1216 888 1276 923 δέ.
1304 885 1412 928 μάστ.
1425 881 1486 927 δή.
1509 892 1702 927 quanquam

893 935 1013 970 addita
1037 947 1058 969 a
1078 934 1226 969 Metrico
1252 933 1388 967 xidetur
1412 929 1592 976 particula,
1616 938 1702 972 pau-

893 981 926 1014 lo
951 981 1164 1026 frequentior
1187 980 1245 1014 illa
1269 980 1301 1013 h.
1326 979 1373 1019 l.,
1407 987 1519 1021 neque
1542 985 1702 1008 necessa-

892 1025 1446 1153 3:5‚52025sssssssssfflsssxssfisstss}
1466 1020 1702 1122 Σῖεστῗὲἕὲ

891 1116 1015 1153 ἐλάαν.
1061 1131 1092 1152 v.
1155 1119 1338 1159 ,·θ366,
1353 1115 1460 1159 ,45,
1495 1114 1625 1158 Odyss.
1655 1111 1698 1157 γ’,

889 1165 981 1205 484,
1006 1163 1095 1218 494,
1128 1162 1168 1206 ζ’
1195 1166 1260 1205 82,
1295 1163 1338 1199 ο’.
1367 1164 1456 1198 192,
1492 1171 1583 1204 quae
1606 1159 1700 1192 loco-

889 1222 963 1244 rum
989 1210 1132 1244 omnium
1157 1209 1224 1243 alia
1249 1215 1301 1244 est
1325 1207 1487 1243 conuitio.
1514 1217 1598 1238 sane
1611 1205 1697 1238 scri-

887 1257 1033 1290 bendum
1068 1257 1238 1296 arbitror,
1281 1255 1416 1289 sublato
1448 1251 1589 1286 tibicine
1621 1251 1698 1284 inu-

887 1302 959 1336 tili:
989 1301 1161 1345 μάστιξεν
1192 1300 1317 1338 ἐλάαν.
1375 1305 1524 1334 ceterum
1550 1297 1698 1330 Achilles

888 1354 985 1382 recta
1012 1349 1122 1382 tendit
1146 1350 1190 1383 ad
1224 1355 1355 1388 castra,
1391 1357 1455 1380 nec
1486 1350 1539 1379 ter
1571 1345 1697 1376 circum

888 1395 1013 1428 Iliacos
1036 1407 1150 1429 muros
1172 1401 1293 1439 raptat
1323 1395 1525 1434 Hectorem,
1552 1397 1590 1423 ut.
1617 1401 1698 1422 nar-

887 1446 943 1473 τοι
970 1441 1054 1485 Virg
1090 1444 1127 1475 A.
1154 1443 1194 1480 1,
1219 1441 1300 1475 483.
1330 1441 1374 1473 cf.
1395 1438 1516 1482 Eurip
1536 1437 1697 1469 Androm.

889 1487 975 1528 106,
1000 1488 1033 1521 7.
1072 1494 1240 1531 quaerunt
1271 1486 1505 1525 scholiastae,
1535 1494 1596 1516 cur
1620 1483 1696 1515 He-

888 1538 1017 1565 ctorem
1046 1538 1116 1566 tam
1148 1534 1249 1566 foede
1280 1535 1373 1566 ultus
1404 1530 1509 1564 fuerit
1532 1528 1695 1569 Achilles,

887 1578 1065 1613 Eetionem
1090 1583 1203 1613 autem
1226 1579 1373 1612 occisum
1394 1589 1460 1611 non
1483 1574 1695 1631 spoliaverit.

884 1624 989 1657 sch-z
1023 1626 1125 1660 ὃιατί
1149 1623 1214 1668 Ἀχ
1241 1624 1412 1678 θανόντα
1436 1622 1606 1678 διασύρει
1629 1620 1695 1656 τὸν

872 1666 1059 1714 ἸἘκτοροις
1083 1671 1145 1706 καὶ
1169 1671 1331 1715 λέγομεν,
1357 1670 1401 1706 ού
1426 1666 1481 1704 δι’
1506 1666 1694 1711 ὠμότητα,

879 1729 966 1761 οσγε
996 1718 1057 1752 καὶ
1085 1717 1264 1753 Ἠετίωνα
1296 1714 1482 1762 φονεύσας
1514 1712 1581 1749 ov’n
1612 1713 1692 1749 ἐσύ·

881 1766 1006 1807 λησεν,
1039 1762 1130 1799 ἄλλα
1156 1764 1224 1799 συν
1250 1764 1381 1804 αυτοῖς
1406 1766 1482 1802 τοῖς
1508 1759 1636 1801 ὅπλοις
1659 1759 1693 1795 ἕ-

881 1812 1009 1852 θαψεν
1034 1809 1094 1853 (ζ’,
1116 1812 1238 1866 417.,)
1271 1809 1351 1845 αλλ’
1384 1808 1442 1845 ὅτι
1465 1807 1646 1851 πρότερον
1670 1805 1691 1842 6

872 1853 1023 1914 ΓἘκτοορ
1042 1860 1095 1895 εἰς·
1126 1855 1193 1891 τὸν
1227 1857 1442 1901 Πάτροκλον
1472 1853 1596 1890 «isium
1623 1853 1691 1898 μή·-

882 1915 972 1939 σατο
1005 1903 1110 1949 ἔργα,
1145 1903 1207 1938 οἶα
1240 1906 1301 1939 καὶ
1333 1902 1426 1948 λέγει
1459 1903 1539 1944 περὶ
1572 1899 1693 1937 αὐτοῦ

883 1949 945 1994 (σ’,
973 1952 1048 1986 176.
1083 1951 1126 1984 cf.
1154 1950 1253 1994 Virg.
1279 1953 1362 1984 Aen
1387 1952 1423 1990 9,
1447 1949 1568 1984 465--
1536 1947 1689 1992 —467.),

881 1993 1094 2051 κεφαλὴν
1118 1995 1168 2031 δέ
1193 1996 1209 2032 ἓ
1233 1995 1388 2053 θυμὸς
1411 2007 1562 2038 ανωγιε
1596 1995 1690 2050 πῆ-

881 2044 961 2098 ξαι
1002 2040 1091 2077 civo}
1134 2041 1444 2083 σκολόπεσσι,
1476 2037 1688 2085 ταμόνθ’

879 2085 1038 2146 απαλῆ
1049 2103 1067 2130 ς
1092 2086 1186 2125 οἷπὸ
1212 2091 1391 2135 δειρῆς.
1427 2088 1690 2132 παρανομοῦσι

879 2134 920 2171 δε
945 2134 1013 2179 οὐχ
1015 2104 1074 2170 ηοὶ
1099 2136 1349 2179 ἀμυνόμενοι,
1379 2133 1458 2169 αλλ’
1483 2135 1520 2171 οἱ
1530 2133 1688 2190 ἄρξαν-

878 2194 944 2221 τες
995 2181 1014 2217 6
1042 2181 1080 2217 δε
1109 2182 1342 2227 Καλλίμαχός
1367 2194 1500 2226 φησιν,
1527 2177 1586 2217 ότι
1615 2178 1687 2215 πιέ-

876 2227 982 2272 τριόν
1006 2227 1081 2264 ἐστι
1101 2232 1318 2270 Θετταλοῖς,
1343 2227 1432 2269 τούς
1456 2230 1530 2263 τῶν
1555 2226 1687 2269 φιλτά-

874 2288 950 2310 των
974 2276 1113 2317 φονέας
1138 2275 1261 2319 σύρειν
1294 2276 1377 2319 περὶ
1405 2289 1493 2315 τους
1515 2276 1589 2310 τῶν
1615 2286 1685 2318 φο·

873 2323 1084 2357 νευθέιτων
1099 2321 1256 2366 τάφους.
1271 2324 1335 2379 (v.
1355 2321 1404 2362 ω’,
1432 2322 1504 2366 16.)
1529 2323 1686 2363 Σίμωνα

873 2367 944 2423 γάρ
972 2381 1082 2413 φησι,
1120 2367 1305 2405 Θετταλὸν
1328 2368 1370 2406 ·ιὸ
1394 2368 1535 2424 γένος,
1557 2365 1684 2410 Ευρυ-

873 2414 1046 2459 δάμαντα
1071 2414 1138 2450 τόν
1164 2417 1326 2452 Μειδίου
1357 2416 1489 2457 σύραι,
1513 2414 1683 2449 ἀποκτεί-

872 2476 989 2496 ναντα
1014 2460 1228 2505 Θρασυνον,
1262 2462 1329 2497 τὸν
1360 2461 1523 2505 ἀδελφὸν
1548 2460 1682 2501 αὐτοῦ,

871 2505 1050 2551 αψασθαί
1074 2521 1112 2543 τε
1134 2511 1203 2544 τοῦ
1228 2507 1348 2552 νόμον
1376 2510 1537 2552 πρῶτον.
1564 2525 1608 2533 ·-·
1632 2504 1682 2546 ὥς

871 2555 1058 2590 Θετταλὸν
1080 2552 1150 2590 οὖν
1173 2557 1236 2592 καὶ
1268 2556 1336 2590 τόν
1355 2553 1509 2600 Ἀχιλλέα
1537 2555 1681 2598 πατρίῳ

870 2601 950 2636 ἔθει
983 2603 1044 2637 καὶ
1079 2604 1192 2638 τοῦτο
1225 2605 1389 2647 ποιῆσαι.
1438 2601 1594 2635 similiter
1618 2612 1679 2634 au-

869 2654 937 2682 tem
962 2660 1018 2692 ap.
1044 2649 1217 2683 Romanos
1241 2649 1464 2692 perduellium
1485 2652 1679 2680 necatorum

869 2705 1039 2739 corpora,
1066 2707 1153 2728 unco
1179 2697 1210 2728 in
1235 2696 1356 2728 collum
1382 2695 1470 2734 fixo,
1499 2693 1541 2727 ad
1566 2693 1679 2726 scalas

869 2741 1055 2774 Gemonias
1084 2743 1321 2775 trahebantur.
1363 2752 1394 2775 v.
1429 2741 1571 2784 Rupert.
1598 2750 1674 2772 ann.

867 2787 909 2819 ad
943 2786 1100 2820 Juvenal.
1136 2789 1197 2826 10,
1233 2790 1289 2822 66.
1334 2786 1543 2820 crudeliores
1576 2784 1676 2818 etiam

866 2832 984 2874 suere,
1010 2834 1066 2875 qui
1092 2833 1189 2866 vivos
1212 2838 1411 2878 raptarent,
1435 2833 1528 2865 velut
1548 2831 1678 2864 Zethus

866 2884 902 2911 et
923 2879 1086 2924 Amphion
1112 2879 1257 2918 Dircen,
1281 2885 1317 2911 et
1336 2878 1528 2911 Alexander
1549 2878 1597 2911 M.
1619 2888 1674 2912 re-

865 2936 941 2968 gem
966 2926 1131 2969 quendam
1150 2926 1270 2959 Gazae
1294 2925 1400 2964 urbis,
1425 2930 1566 2958 auctore
1591 2924 1674 2956 Dio·

865 2970 963 3014 nysio
991 2971 1101 3004 Hauc.
1135 2971 1155 3006 l.
1191 2971 1234 3005 de
1265 2977 1386 3005 struet.
1422 2971 1516 3005 verb.
1549 2972 1571 3012 ἓ
1607 2971 1674 3011 18.,

865 3017 917 3050 ed.
938 3017 1095 3051 Schfifer.
