1847 3277
98 147 153 185 212

720 143 1116 186 ΟΜΗΡΟΥ

263 267 324 301 ως
358 247 471 303 εἶδ’,
502 269 561 303 ως
590 268 666 307 μιν
695 255 860 305 μᾶλλον
888 250 964 293 ἔδυ
992 251 1140 306 χόλος,
1171 253 1217 295 ἐν
1247 252 1293 296 δέ
1325 254 1369 295 οἱ
1399 250 1496 296 ὄσσε

264 307 412 350 δεινὸν
439 306 528 351 vad
559 310 816 363 βλεφάρων,
847 307 948 349 ὦσεὶ
977 307 1122 358 σέλας,
1152 308 1438 378 ἐξεφάανθεν·

261 363 451 433 τέρπετο
471 363 543 415 δ’,

572 364 620 407 ἐν
648 366 860 419 χείρεσσιν
889 363 997 417 ἔχων
1024 367 1134 406 θεοῦ
1164 363 1302 419 ἀγλαοὶ
1333 367 1465 434 δῶρα.

263 419 402 473 αὐτὰρ
435 420 523 462 ἐπεὶ
554 421 711 488 φρεσὶν
725 420 813 490 ,ᾖσι
842 418 1096 471 τετάρπετο,
1129 422 1313 463 δαίδαλα
1343 421 1560 471 λεύσσων,

176 481 230 520 20
260 474 417 519 αὐτίκα
446 477 609 531 μητέρα
638 474 692 530 ἣν
722 475 824 517 ἔπεα
855 475 1089 529 πτερόεντα
1117 477 1369 532 προσηύδα·

310 554 432 598 quibus
457 554 513 587 ilie
537 554 684 587 laetatus
708 553 846 594 metuit,
871 566 933 594 ne,
958 554 1068 588 dum·
1058 567 1133 599 ipse
1157 555 1278 588 absit‘
1269 568 1304 589 111
1323 567 1449 601 pugna,
1473 555 1562 589 domi
1586 554 1739 587 relictum

226 611 351 653 corpus
387 600 556 642 Patrocli,
595 599 716 632 muscis
753 600 1016 639 infestantibus,
1053 607 1298 644 corrumpatur.
1347 602 1408 635 sed
1439 601 1482 634 de
1515 613 1554 634 eo
1586 612 1738 634 securum

226 644 319 679 illum
345 657 421 679 esse
441 646 540 688 jubet
565 645 710 686 Thetis,
735 652 770 678 et
792 646 945 679 Patrocli
968 646 1104 679 naribus
1129 647 1328 680 ambrosiam
1354 653 1388 680 et
1412 652 1529 680 nectar
1551 646 1710 680 infundit.

337 743 362 762 ,,
374 715 524 764 Μῆτερ
555 710 658 766 ἐμή,
690 711 744 754 τὰ
770 712 848 766 μὲν
878 712 990 754 ὅπλα
1022 711 1126 763 θεὸς
1155 712 1315 766 πόρεν,
1348 710 1406 755 οἷ’
1440 713 1617 765 ἐπιεικὲς

260 766 355 821 εργ’
388 768 487 837 ε’μεν
518 765 774 821 αθανοὶτων,
806 769 913 822 μηδὲ
944 770 1105 823 βροτὸν
1136 767 1276 823 ἄνδρα
1306 769 1509 812 τελέσσαι.

260 827 345 865 νῦν
375 823 419 866 δ’
449 825 547 878 ἡτοι
576 823 657 878 μὲν
687 823 770 878 ἐγὼ
798 823 1074 880 θωρήξομαι·
1107 824 1215 867 ἄλλα
1244 824 1346 880 μάλ’
1381 827 1512 877 aive-09

259 881 408 929 δείδω,
438 879 495 934 μή
527 896 603 934 μοι
632 879 777 935 τόφρα
803 883 1048 923 Μενοιτίου
1081 880 1268 936 ἄλκιμον
1297 882 1398 925 υἱὸν

173 940 226 980 25
255 941 401 1004 μυῖαι,
431 939 646 979 καδδῦσαι
675 937 784 979 κατοὶ
813 937 1114 991 χαλκοτύπους
1143 937 1342 990 ω’τειλας,

255 990 384 1041 εὐλὰς
415 991 714 1046 εγγείνωνται,
746 992 994 1036 ἀεικίσσωσι
1026 994 1072 1036 δὲ
1099 993 1261 1047 νεκρόν

257 1048 331 1103 (ἐκ
363 1047 407 1090 δ’
439 1049 545 1091 αἰὼν
573 1050 809 1102 πέφαται),
840 1050 950 1092 κατὰ
980 1050 1025 1092 δὲ
1053 1051 1161 1119 χρόα
1189 1067 1331 1093 παντα
1360 1050 1519 1119 σαπηῃ.
1530 1057 1552 1076 “

341 1104 428 1147 Τὸν
459 1103 502 1147 δ’
532 1103 723 1160 ἠμείβετ’
758 1106 899 1148 ε’πειτα
929 1105 1011 1148 θεὰ
1047 1106 1168 1157 Θέτις
1201 1105 1499 1160 αργυρόπεζα·

253 1160 469 1212 ,,τέκνον,
501 1161 559 1216 μή
590 1178 657 1204 τοι
687 1166 822 1204 ταῦτα
851 1179 954 1215 μετα
986 1164 1113 1231 φρεσὶ
1144 1166 1243 1218 σῇσι
1273 1163 1508 1215 μελόντων.

171 1221 227 1259 30
258 1220 317 1271 τῷ
347 1218 425 1270 μὲν
455 1217 538 1271 ἐγω
556 1218 760 1287 πειρήσω
792 1217 991 1261 α’λαλκεῖν
1022 1219 1152 1272 ἄγρια
1179 1223 1320 1273 φῦλα,

251 1274 403 1325 μυίας,
436 1275 485 1315 αι’
512 1273 566 1327 ῥα
596 1290 639 1316 τε
673 1278 821 1329 φῶτας
850 1273 1124 1329 ἅρηὶφάτους
1156 1276 1425 1317 κατέδουσιν.

210 1333 300 1383 ⁷2²
299 1345 385 1382 περ
415 1346 499 1384 γαρ
532 1332 657 1385 κηταί
685 1346 732 1385 γε
761 1331 1026 1385 τελεσφόρον
1056 1332 1115 1380 εἰς
1146 1330 1371 1378 ἐνιαυτόν,

85 1408 234 1442 wnncler.
259 1409 305 1442 cf.
326 1409 397 1450 19)
425 1407 635 1463 1ε’τρεσοιν.
664 1408 722 1452 (λ’,
742 1408 823 1451 744,
847 1406 888 1450 ο’,

84 1455 190 1497 586.)
235 1454 490 1499 ἐφοβήθησαν.
519 1474 564 1479 -
605 1451 660 1494 (ὃς
684 1453 794 1496 εἶδ’,
830 1452 888 1494 ὥς

83 1512 160 1542 μιν
183 1519 229 1525 -
255 1500 405 1544 χόλος,
431 1505 467 1534 ut
485 1501 585 1544 vidit,
610 1502 661 1534 ila
681 1503 791 1544 major
812 1513 888 1535 eum

83 1547 139 1578 ira
160 1547 264 1580 subiit
289 1548 362 1579 sive
385 1547 522 1580 invasit.
558 1548 608 1579 sic
634 1546 688 1588 α’,
713 1548 813 1582 512:
840 1560 889 1587 ως

83 1589 208 1635 ἥψατο
231 1591 387 1635 γούνων,
402 1590 469 1632 ’Ὡς
490 1591 576 1636 ἔχετ’
591 1591 815 1635 ἐμπεφυυῖα.
841 1591 874 1627 υ’
878 1618 889 1635 ,

83 1639 183 1672 424.1
215 1637 264 1678 ὥς
287 1637 380 1678 εἶδ’,
409 1635 458 1678 ὥς
493 1638 688 1674 ἀνέπαλτο.
713 1658 757 1664 —-
800 1639 887 1682 ἐξε-

84 1683 323 1724 φάανθεν.
358 1683 410 1726 δ’,
443 1685 530 1725 468,
562 1684 614 1728 ν’,
639 1687 717 1720 278.
763 1687 806 1719 cf.
839 1683 886 1727 α’,

84 1731 160 1764 200.
187 1751 228 1755 -
272 1730 551 1771 τετάρπετο,
596 1743 615 1764 a
649 1729 888 1774 τετάρπομαι.

84 1788 116 1807 v.
143 1787 217 1809 ann.
243 1777 284 1810 ad
319 1776 359 1817 ι’,
385 1778 462 1811 704.
490 1796 536 1800 -
581 1777 708 1821 „vii-g.
743 1781 826 1811 Aen.
852 1779 886 1819 8,

85 1823 185 1856 617.:
210 1824 268 1856 illc
294 1824 380 1856 deae
400 1823 495 1855 danis
520 1828 553 1856 et
577 1829 673 1856 tanto
699 1825 809 1856 laetus
828 1825 888 1856 110-

81 1879 162 1901 nore
194 1871 335 1912 Expleri
370 1870 508 1912 nequit,
548 1874 652 1913 atque
683 1871 795 1903 oculos
825 1882 888 1914 per

81 1914 222 1957 singula
245 1917 384 1948 volvit“
410 1922 474 1948 etc.
502 1914 555 1947 Cl.

126 1962 292 1995 21—27.
334 1962 435 1993 Sch.:
473 1958 533 1994 οἷ’
560 1957 782 1999 ἐπιεικές.
819 1959 886 2003 (α,

80 2006 168 2046 547,
203 2005 263 2047 θ’,
288 2008 349 2041 431
377 2007 462 2048 etc.)
511 2004 623 2040 ὁποῖα
656 2005 752 2046 εἰκὸς
789 2009 885 2040 θεοῦ

82 2051 168 2094 ἔργα
192 2050 308 2093 εἶναι,
343 2052 529 2086 τουτέστιν
560 2051 621 2086 οἷα
642 2052 771 2094 ἔπρεπε
792 2052 886 2087 θεὸν

78 2097 259 2141 παρέχειν.
307 2096 517 2136 ἐπιεικὲς
551 2097 620 2154 γάρ
661 2100 702 2133 τὸ
734 2098 886 2141 πρέπον.

79 2143 208 2187 (μάλ’
235 2145 386 2185 αἰνῶς
411 2145 563 2181 δείδω.
587 2144 629 2185 κ’,
653 2147 709 2185 38,
736 2144 782 2186 α’,
803 2146 883 2185 555,

78 2190 126 2231 ζ’,
152 2192 217 2225 441
239 2198 303 2224 etc.
327 2210 370 2214 —-
401 2194 549 2233 μυῖαι.
578 2189 624 2236 β’,
648 2193 727 2232 469,
776 2191 883 2230 ’,570

78 2242 144 2269 etc.
168 2235 389 2280 intelligenda
415 2243 468 2269 est
493 2237 524 2269 h.
549 2236 571 2271 l.
595 2248 711 2269 musca
738 2239 881 2270 vomito-

76 2282 130 2314 ria
157 2282 209 2315 vel
241 2285 403 2314 camaria
426 2282 525 2315 Linn.
538 2307 548 2322 ,
586 2294 675 2326 quae
710 2283 881 2316 cadavera

77 2333 248 2368 sectatur,
283 2329 315 2360 in
340 2328 450 2371 isque
475 2326 634 2363 ώοτοκεῐ.
650 2331 662 2371 )
709 2330 882 2363 καδδῦ-

77 2384 162 2407 σαι.
221 2376 480 2408 κατελθουσαι.
538 2375 880 2417 χαλκοτύπους.

76 2415 150 2453 υπὸ
184 2420 335 2463 σιδήρου
368 2421 587 2463 τρωθέντας.
631 2421 759 2463 (scrib.
786 2434 880 2462 τρω-

75 2467 216 2504 θείσας.
261 2466 383 2499 similia
418 2477 437 2499 σ
462 2471 496 2499 et
520 2478 539 2498 τ
570 2466 604 2498 in
630 2466 738 2499 libris.
782 2479 812 2500 v.
838 2466 879 2509 ξ’,

79 2512 143 2545 173
172 2515 264 2551 etc.)
312 2508 457 2550 ευλας
485 2510 554 2554 (χ’,
579 2514 668 2552 509,
693 2510 732 2546 ω’
744 2537 752 2549 ,
778 2514 879 2554 414.)

77 2555 166 2601 ἐγγ.
208 2555 393 2602 σκωληκας
427 2556 675 2601 ἔγγενήσωσιν.
717 2558 804 2613 ἴσως
839 2557 878 2594 δε

77 2604 240 2647 εἴρηνται
263 2603 363 2638 εὐλαὶ
400 2604 437 2638 οἱ
470 2603 646 2646 σκώληκες
677 2606 778 2646 παρὰ
802 2603 880 2659 τήν

75 2650 223 2693 εἴλησιν.
269 2650 424 2684 simfliter
456 2649 507 2682 ΕΞ
546 2648 679 2705 [εὐλή]
709 2649 811 2692 παρὰ
837 2651 876 2686 τό

77 2697 270 2740 εἰλῆσθαι,
295 2695 363 2739 οὐχ
388 2693 408 2739 ἡ
435 2693 530 2739 αὐτή
556 2693 595 2728 δὲ
619 2707 713 2730 ουσα
734 2695 880 2738 §imvm

76 2741 169 2776 κατά
203 2754 305 2782 τινας
337 2741 605 2785 πλανωμένους.
646 2741 688 2774 cf.
725 2755 799 2775 ann.
834 2743 876 2775 acl

76 2787 128 2829 ν’,
152 2788 230 2822 654.
258 2796 293 2822 et
317 2788 459 2821 Aristot.
488 2787 634 2832 ejusque
655 2786 804 2832 interpp,
834 2790 877 2822 Η.

76 2835 115 2868 Α.
145 2834 251 2874 l,4,
280 2836 307 2868 1.
338 2852 381 2858 —-
428 2831 715 2868 ἀεικίσσωσι
740 2833 787 2868 οε
814 2847 878 2869 νε-

75 2879 196 2923 κρόν.
224 2880 448 2920 π,545.-
491 2877 636 2919 „snci'
667 2878 862 2934 aldina!

75 2938 239 2968 φαται.
283 2924 485 2969 ἐκπὲφαται
515 2923 554 2959 δὲ
589 2924 700 2965 αἰών,
735 2923 757 2968 ἡ
791 2926 878 2969 ζωή,

74 2972 186 3006 excisa
212 2977 260 3005 est
284 2973 358 3005 υἰιιι
383 2984 401 3004 e
425 2982 580 3015 corpore.
621 2983 686 3005 non
713 2972 777 3005 huc
801 2983 878 3017 per-

935 1409 1024 1443 tinet
1047 1409 1270 1454 Hippocratis
1301 1415 1336 1443 et
1372 1409 1596 1443 recentiorum
1631 1408 1736 1449 αἰων,

936 1453 954 1489 6
981 1461 1155 1495 νωτιαῐος
1177 1454 1325 1498 μυελὸς,
1352 1456 1478 1500 dequo
1496 1456 1622 1499 Etym„
1648 1455 1737 1489 Ero-

934 1501 1048 1535 tianus
1072 1502 1181 1535 lexico
1207 1503 1358 1546 Hesych.
1382 1521 1423 1526 —
1459 1502 1692 1546 πέφαται,
1719 1513 1738 1535 a

936 1548 1045 1590 φαω,
1071 1548 1194 1581 occido.
1231 1560 1264 1581 v.
1293 1561 1339 1589 ε,
1363 1549 1451 1589 531,
1479 1547 1520 1589 ο’,
1548 1549 1646 1582 14Ο“
1670 1555 1737 1581 etc.

935 1595 1119 1626 Ex11.—
1155 1606 1278 1627 κατα
1303 1613 1346 1619 -
1372 1594 1537 1639 σαπήῃ.
1562 1595 1595 1627 h.
1618 1606 1649 1627 e.
1673 1606 1738 1627 κα-

933 1650 1079 1684 τασαπῃ
1106 1637 1145 1673 δε
1171 1636 1217 1683 (ὁ
1244 1639 1393 1684 τεκρὸς)
1420 1641 1512 1683 χρόα
1534 1639 1675 1681 πάντα,
1704 1645 1737 1673 et

934 1692 1086 1718 mortuus
1109 1691 1178 1719 toro
1198 1698 1334 1721 corpore.
1349 1692 1534 1729 putrescat.
1570 1686 1613 1719 de
1633 1687 1736 1719 verbo

935 1744 1063 1775 σηπειν
1088 1743 1109 1762 v
1147 1731 1202 1776 β’,
1232 1722 1294 1766 135
1321 1739 1355 1766 et
1381 1731 1418 1765 ω’
1432 1757 1441 1771 ,
1468 1731 1546 1766 414.

979 1779 1044 1818 30,
1069 1779 1124 1811 31.
1167 1777 1374 1821 πειρήσω
1408 1778 1507 1810 etiam
1534 1778 1660 1821 Odyss.
1690 1776 1736 1823 β’,

932 1825 1013 1858 316.
1039 1823 1095 1856 hic
1115 1829 1230 1856 noster
1248 1824 1351 1866 dixit,
1376 1825 1514 1877 saepius
1535 1833 1641 1856 autem
1660 1837 1738 1858 πει-

934 1868 1112 1912 ρήσομαι,
1157 1870 1248 1912 quod
1282 1872 1345 1903 hoc
1385 1870 1460 1912 ipso
1502 1869 1575 1902 loco
1609 1870 1738 1903 habent

933 1915 1024 1948 Flor.
1048 1921 1082 1948 et
1106 1915 1268 1956 Aldinae,
1292 1916 1327 1948 in
1353 1916 1472 1960 quibus
1495 1915 1620 1955 tertia,
1646 1916 1734 1948 uuod

932 1961 1025 2004 fugit
1049 1962 1410 2005 H031ieuin.pariter
1441 1961 1588 2006 scriptor
1621 1961 1735 2004 h3inui

932 2008 1032 2040 Hom.
1051 2008 1085 2040 in
1105 2008 1211 2040 Mei-c.
1241 2009 1337 2042 174*
1362 2008 1396 2041 εἰ
1422 2008 1461 2040 δὲ
1485 2020 1522 2041 κε
1546 2007 1595 2050 μή
1622 2009 1733 2051 ὸωῃσι

930 2052 1052 2096 πατὴρ
1079 2052 1175 2095 ἐμὸς,
1204 2047 1283 2106 ἦτοι
1310 2052 1335 2086 ἔ
1328 2065 1416 2096 ωγε
1442 2053 1621 2095 flamiam.
1659 2065 1734 2087 πει-

929 2097 1029 2142 ροῖτω
1063 2099 1191 2142 legitur
1223 2080 1414 2139 6281&
1446 2113 1457 2132 ι
1480 2101 1594 2141 ‚3÷5.
1627 2111 1734 2143 quare

930 2156 995 2178 non
1021 2153 1072 2178 est
1096 2144 1187 2197 quod
1213 2156 1375 2197 ponamus
1411 2145 1600 2189 πειρήιτομ
1627 2149 1732 2180 αλαλ-

928 2195 1013 2225 κεῖν.
1039 2209 1083 2214 —-
1130 2187 1448 2233 α’ρηιφάτους.
1491 2194 1575 2236 Apa
1604 2190 1732 2236 ἀρηΐ-

930 2249 1092 2278 φατοι.
1124 2237 1270 2280 (Od3ss.
1296 2235 1343 2279 λ’,
1368 2238 1443 2280 41)
1469 2237 1503 2272 οὶ
1529 2237 1566 2271 ἐν
1591 2240 1640 2283 τῷ
1664 2251 1731 2272 πο-

925 2282 1020 2327 λέμῳ
1043 2283 1321 2325 πεφονευμένοι.

972 2331 1028 2363 32.
1057 2329 1106 2361 E:
1129 2329 1226 2371 εἰπερ
1240 2328 1311 2372 γάρ
1325 2331 1499 2369 κεῖται,υῐ
1513 2329 1608 2364 Harl.
1628 2330 1732 2363 Sch.:

926 2374 1063 2410 κέετα
1078 2387 1102 2408 ι.
1130 2373 1210 2409 υἷι-τι
1229 2378 1295 2409 τοῦ
1314 2379 1440 2409 κεῖται.
1466 2375 1595 2413 mirum,
1617 2377 1644 2408 si
1665 2388 1731 2410 uno

927 2421 999 2454 loeo
1025 2428 1162 2454 servata
1183 2428 1235 2454 est
1253 2433 1307 2466 ap.
1323 2422 1501 2455 Homerum
1523 2422 1628 2455 forma
1647 2423 1732 2455 haec

928 2474 1046 2506 vetus,
1078 2479 1176 2510 quam
1210 2467 1402 2500 Herodotus
1429 2468 1624 2510 usurpavit:
1657 2479 1730 2500 nani

926 2513 1023 2554 alias,
1043 2512 1144 2556 idque
1162 2513 1369 2557 saepissime,
1387 2516 1488 2558 pofita
1501 2513 1587 2546 dixit
1605 2515 1730 2546 κεῖται.

926 2559 1031 2591 habet
1051 2566 1161 2592 tamen
1184 2558 1299 2592 itidem
1321 2559 1508 2592 obsoletum
1531 2560 1651 2594 δέελον
1670 2571 1730 2602 pro

925 2605 1038 2647 δῆλον
1056 2605 1188 2637 nonnisi
1213 2616 1278 2637 uno
1300 2605 1392 2644 loco,
1418 2603 1461 2645 κ’,
1486 2607 1565 2641 466.
1589 2605 1731 2648 aliisque

926 2650 1059 2683 duobus
1084 2652 1196 2694 δῆλον
1221 2656 1257 2683 et
1281 2649 1447 2691 ἔκδηλος,
1481 2650 1624 2694 fierique
1649 2662 1731 2684 sane

924 2696 1049 2740 potuit,
1067 2702 1105 2730 ut
1123 2708 1184 2741 pro
1204 2696 1320 2730 κέεται
1339 2696 1423 2729 alius
1441 2696 1653 2730 scribendum
1668 2708 1731 2741 pu-

925 2747 1016 2775 taret
1033 2746 1159 2779 κεῖται,
1186 2754 1272 2786 quae
1295 2742 1508 2786 plurimorum
1527 2743 1626 2775 codd.
1643 2743 1730 2775 scri-

925 2794 1026 2832 ptura
1049 2793 1126 2829 est,
1150 2789 1211 2821 sed
1237 2789 1391 2829 soloeca,
1423 2787 1486 2820 nisi
1512 2794 1657 2832 ponatur
1682 2788 1730 2822 εἴ·

925 2846 1004 2875 περ,
1034 2835 1118 2867 alius
1137 2835 1258 2877 κῆται,
1282 2834 1371 2877 quod
1392 2833 1505 2877 recepi
1527 2845 1568 2867 ex
1587 2834 1728 2874 Veneto,

925 2881 970 2911 w
973 2880 1050 2914 olfio
1063 2887 1165 2924 atque
1178 2880 1318 2934 Heyneo
1331 2881 1537 2913 auctoribus.
1551 2900 1595 2904 —
1613 2880 1727 2914 Schol-

925 2927 972 2959 B:
1030 2924 1327 3006 τελὲσφόρον
1381 2927 1447 2965 εἰς
1492 2924 1729 2960 ἐνιαυτόν.

926 2971 1082 3015 (Οό)55.
1155 2972 1260 3012 ,86
1286 2970 1315 3005 κ’
1328 2972 1429 3012 ,467
1450 2972 1546 3016 etc.)
1582 2971 1645 3008 τὸν
1679 2974 1731 3013 εἰς
