1847 3277
119 150 173 189 16

722 147 1126 192 ΟΜΗΡΟΥ

283 250 314 311 ἦ
343 254 383 299 σ’
417 256 559 308 αὔτως
585 258 710 310 κλέος
739 257 898 302 ἐσθλὸν
927 255 1029 311 ἔχει,
1070 254 1256 327 φύξηλιν
1288 254 1429 300 ἐόντα.

283 313 449 373 φράζεο
479 317 584 368 νῦν,
615 315 766 365 ὅππως
795 330 842 357 κε
870 312 1001 356 πόλιν
1029 312 1102 355 καὶ
1128 311 1239 355 ἄστυ
1267 314 1450 364 σαώσεις

174 372 251 413 145
283 374 377 420 οίος
407 370 484 421 ξυν
513 375 678 422 λαοῖσι,
712 372 782 414 τοὶ
808 369 915 425 Ἰλίῳ
946 366 1212 424 ἐγγεγάασιν

284 425 338 468 οὐ
367 426 450 481 γάρ
480 444 544 478 τις
569 428 749 470 Λυκίων
777 442 824 481 γε
854 425 1153 496 μαχησόμενος
1182 429 1431 468 Δαναοῖσιν

284 480 366 526 εἶσι
394 484 492 535 περὶ
519 483 719 535 πτόλιος,
752 483 844 526 ἐπεὶ
873 482 958 526 οὐκ
987 481 1074 535 ἄρα
1101 498 1166 532 τις
1194 481 1316 537 χάρις
1344 479 1421 536 ἦεν

281 539 537 594 μάρνασθαι
569 543 758 595 δηΐοισιν
787 537 850 582 ἐπ’
879 537 1069 592 ἀνδράσι
1096 538 1285 608 νωλεμὲς
1315 539 1407 581 αἰεί

281 600 375 646 πῶς
405 613 452 640 κε
481 598 536 640 σὺ
563 598 740 651 χείρονα
771 599 898 649 φῶτα
928 594 1142 645 σαώσειας
1171 593 1264 650 μεθ’
1273 594 1476 666 ὅμιλον,

171 655 252 698 150
280 652 462 708 σχέτλι’,
493 654 578 696 ἐπεὶ
610 650 895 722 Σαρπηδόν’,
926 650 1015 707 ἅμα
1046 653 1188 702 ξεῖνον
1214 651 1288 695 καὶ
1317 650 1517 704 ἑταῖρον,

281 709 483 760 κάλλιπες
506 707 764 764 Ἀργείοισιν
793 708 902 764 ἕλωρ
931 708 1004 752 καὶ
1034 708 1180 762 κύρμα
1207 708 1439 778 γενέσθαι,

280 764 329 815 ὅς
362 783 431 808 τοι
461 765 579 808 πόλλ’
612 765 771 821 ὄφελος
799 765 969 836 γένετο,
999 765 1150 807 πτόλεΐ
1175 781 1219 807 τε
1249 764 1321 808 καὶ
1353 762 1496 821 αὐτῷ,

281 821 389 874 ζωός
420 823 529 865 ἐών·
559 827 646 865 νῦν
679 822 810 866 δὀὔ
845 839 887 866 οι
915 820 1206 876 ἀλαλκέμεναι
1231 821 1369 871 κύνας
1399 809 1533 876 ἔτλης.

278 883 340 933 τῷ
369 883 473 931 νῦν,
504 880 545 922 ει’
570 895 636 930 τις
665 878 762 934 ἐμοὶ
791 880 971 922 Λυκίων
1001 877 1256 921 ἐπιπείσεται
1289 876 1489 930 ἀνδρῶν,

169 937 250 980 155
283 934 428 978 οἴκαδ’
460 937 578 991 ἴμεν,
614 937 751 1005 Τροίῃ
781 936 826 980 δε
853 934 1094 990 πεφήσεται
1125 935 1254 986 αἰπὺς
1283 933 1482 988 ὄλεθρος.

279 993 315 1035 εί
343 992 424 1046 γὰρ
455 996 539 1036 νῦν
553 993 767 1066 Τρώεσσι
797 993 928 1047 μένος
957 992 1235 1046 πολυθαρσὲς
1268 991 1403 1046 ἐνείη,

278 1048 496 1103 άτρομον,
527 1047 623 1094 οἷόν
652 1049 686 1093 τ’
715 1049 880 1104 ἄνδρας
910 1048 1148 1104 ἐσέρχεται,
1179 1052 1223 1092 οι
1251 1048 1350 1102 περὶ
1379 1043 1543 1104 πάτρης

278 1104 467 1178 ἀνδράσι
497 1107 775 1162 δυσμενέεσσι
803 1105 943 1150 πόνον
972 1107 1044 1148 καὶ
1077 1108 1203 1160 δῆριν
1234 1104 1408 1155 ἔθεντο,

259 1162 387 1213 -αἰψά
416 1179 463 1206 κε
494 1167 760 1235 Πάτροκλμον
782 1163 1051 1218 ἐρυσαίμεθα
1065 1161 1201 1205 Ἴλιον
1236 1163 1349 1205 ε’ίσω.

167 1223 247 1263 160

277 1220 313 1262 εἰ
344 1218 387 1262 δ’
421 1222 554 1271 οὑτος
582 1221 710 1276 προτὶ
740 1219 850 1264 α’στυ
879 1220 989 1275 μέγα
1019 1219 1240 1273 Πριάμοιο
1271 1217 1460 1269 ἄνακτος

276 1276 400 1319 ἔλθοι
428 1277 645 1332 τεθνηὼς,
677 1279 752 1320 καί
780 1293 857 1330 μιν
886 1276 1158 1330 ἐρυσαίμεθα
1186 1274 1374 1344 χάρμης,

278 1331 389 1384 αἶψά
420 1350 495 1377 κεν
525 1332 706 1404 Ἀργεῖοι
737 1331 1031 1404 Σαρπηδόνος
1062 1332 1185 1374 ἔντεα
1213 1331 1325 1374 καλοὶ

276 1388 478 1441 λύσειαν,
510 1393 584 1434 καί
612 1389 647 1433 κ’
681 1389 819 1434 αὐτόν
850 1388 1067 1461 ἀγοίμεθα
1086 1387 1221 1431 Ἴλιον
1251 1390 1367 1431 εἵσω.

277 1448 403 1491 τοίου
433 1463 517 1504 γαρ
546 1447 760 1502 θεράπων
788 1444 946 1504 πέφατ’
979 1443 1160 1501 ἀνέρος,
1191 1443 1239 1497 ὃς
1265 1443 1354 1502 μέγ’
1385 1444 1563 1502 ἄριστος

107 1593 199 1629 dixit
220 1593 315 1631 εἵλευ
330 1595 420 1629 infra
437 1596 526 1637 206,
550 1592 630 1630 ἕλευ
649 1592 694 1638 ν’,
716 1593 804 1636 294,
828 1591 916 1628 ἕπευ

106 1639 157 1685 κ’,
184 1641 262 1677 146.
295 1647 331 1676 et
363 1641 519 1687 saepius,
553 1641 661 1686 εμεῦ,
687 1641 771 1682 σεῦ,
797 1641 917 1684 διογε-

105 1689 191 1728 νεῦς
214 1687 251 1730 ι’,
272 1690 372 1728 106.;
397 1688 458 1721 sed
476 1688 562 1722 idem
583 1689 700 1733 ἴσχεο,
721 1699 787 1721 non
805 1687 917 1730 ἴσχεν,

107 1735 236 1779 Odyss.
261 1732 301 1769 ω’
313 1735 436 1775 ,323,
470 1731 636 1779 άφρεον,
669 1745 736 1768 non
761 1745 918 1778 αφρευν,

104 1780 155 1823 λ’,
180 1782 260 1816 282.
286 1786 321 1814 et
339 1759 481 1821 similia,
507 1793 570 1814 nec
590 1780 697 1824 magis
715 1779 750 1813 in
766 1780 833 1813 hoc
854 1791 918 1823 ge-

105 1838 188 1861 nere
212 1838 268 1871 ap.
292 1827 383 1860 illum
409 1838 506 1871 quam
532 1838 587 1872 ap.
613 1827 825 1860 Herodotum
849 1824 918 1858 sibi

106 1878 264 1908 constant
287 1872 433 1906 librarii.
468 1884 574 1918 quare
597 1873 744 1907 intutum
775 1878 829 1906 est
852 1882 917 1905 no·-

104 1931 189 1954 vare
213 1924 249 1954 et
277 1919 320 1953 ad
349 1919 449 1952 unius
473 1919 617 1953 rationis
649 1930 797 1952 normam
829 1916 916 1952 diri-

104 1977 188 2010 gere
212 1965 322 1999 omnia
344 1965 412 1999 isto
435 1971 612 2010 tempore,
643 1976 710 2009 quo
736 1964 829 1998 velut
852 1963 916 1997 fiu-

105 2013 246 2045 ctuabat
276 2011 415 2055 lingua,
450 2023 514 2045 nec
537 2012 641 2046 certis
675 2009 917 2055 grammaticae

102 2058 233 2102 regulis
257 2057 426 2091 adstricta
449 2063 535 2094 erat.

150 2103 339 2145 143,144
370 2097 393 2147 ἦ
419 2101 450 2138 σ’
474 2117 509 2138 α.
533 2102 670 2142 κλέος
694 2100 722 2138 ἒ.
745 2102 841 2147 ἔχει
863 2101 917 2135 di-

102 2153 195 2183 ctum
227 2155 279 2183 est
314 2150 555 2195 propemodum
589 2155 628 2184 ut
652 2148 768 2192 αἰδώς
800 2150 856 2189 τίς
884 2144 915 2183 α’

101 2194 173 2238 ἔχει
198 2207 254 2241 ap.
279 2195 402 2241 Eurip.
429 2197 493 2231 Or.
521 2199 606 2238 101,
639 2194 757 2240 φόβος
780 2195 850 2239 ἔχει
871 2206 917 2238 με

102 2241 225 2276 ibidem
251 2244 351 2277 1227.
386 2247 421 2276 et
447 2242 588 2284 similia,
621 2254 708 2287 quae
742 2242 918 2286 attigimus

101 2299 180 2323 ann.
204 2288 247 2321 ad
267 2288 378 2333 Soph.
403 2288 456 2321 El
476 2288 555 2324 463.
580 2289 630 2323 sic
650 2289 767 2323 itidem
787 2288 916 2344 Odyss.

102 2332 158 2376 α’,
187 2334 251 2370 95:
290 2334 350 2369 ἳνα
375 2346 439 2376 μιν
471 2334 573 2376 κλέος
605 2334 741 2371 ἐσθλὸν
775 2332 814 2369 ἐν
849 2331 916 2370 οἷν-

101 2378 310 2424 θρωποισιν
345 2379 487 2425 ἔχῃσιν,
526 2382 560 2416 h.
594 2395 624 2416 e.
641 2408 651 2424 ‚
686 2381 778 2439 quod
811 2392 916 2426 saepe

102 2427 188 2461 alias
220 2427 331 2467 dixit,
372 2427 434 2462 ι’να
475 2427 576 2468 κλέος
622 2428 650 2464 ἐ.
693 2426 839 2473 ἄρηται.
874 2447 911 2453 -

102 2472 208 2507 Schn
254 2471 472 2530 φύξηλιν.
506 2473 647 2514 δειλόν,
688 2488 763 2520 φυγ
744 2474 853 2519 γάδα.
894 2484 916 2508 a

104 2517 236 2565 φύξις,
271 2519 392 2564 φυγή,
424 2518 474 2561 κ’,
507 2521 587 2556 311.
621 2524 656 2555 et
688 2521 794 2563 alias,
826 2521 916 2555 sicut

105 2565 267 2611 φυζηλός
298 2577 354 2611 ap.
384 2545 538 2611 Ἠε5γώι
589 2578 610 2600 a
642 2568 751 2611 φῦζα.
798 2567 916 2623 inepte

104 2613 220 2648 Schol.
248 2615 294 2646 A:
330 2610 484 2656 φύξηλίς
507 2610 606 2647 ἐστιν
630 2613 650 2649 ὁ
673 2612 825 2670 φεύγων
848 2626 916 2653 τας

103 2658 203 2699 ἴλας,
228 2657 347 2700 δειλὸς
370 2657 410 2693 δὲ
435 2657 454 2693 ὁ
481 2658 614 2700 δεδιώς
636 2673 704 2701 τας
727 2660 819 2701 imag
864 2659 914 2694 sic

101 2710 216 2739 tamen
248 2711 285 2739 et
315 2705 395 2761 alii,
431 2704 466 2738 in
497 2705 550 2738 his
576 2706 641 2750 Et)
639 2717 690 2741 ιιι.
730 2718 763 2741 v.
791 2707 836 2740 H.
868 2724 914 2730 —

103 2750 306 2796 φράζεο,
333 2763 458 2791 οπως
482 2762 704 2794 σαωσεις
729 2752 835 2795 ιιῑδζ
858 2750 912 2786 14.

103 2764 320 2842 φραζώμεθ’
353 2795 454 2839 ὅπως
479 2797 580 2832 ἔσται
611 2797 700 2834 τάδε
732 2797 770 2842 ἕρ
752 2813 820 2844 ργα
844 2805 913 2832 etc.

104 2844 154 2877 sic
178 2850 289 2878 autem
314 2844 422 2886 Ven.,
457 2844 579 2899 fragm.
606 2844 737 2886 Mose„
769 2847 819 2902 Ε,
853 2845 912 2880 W,

103 2890 230 2934 vulgo:
257 2888 412 2936 σαώσῃς.
437 2910 474 2916 -
518 2889 656 2926 πόλιν
679 2891 758 2927 καὶ
782 2890 911 2932 ἄστυ,

105 2947 218 2970 arcem
250 2943 284 2971 ct
315 2939 443 2970 urbem.
483 2936 592 2972 πόλιν
632 2943 668 2972 et
707 2935 913 2982 ἀκρόπολιν

105 2982 296 3026 promiscue
320 2983 404 3018 dicit
428 2982 586 3018 Comicus
609 2983 693 3029 Lys.
719 2984 808 3031 241,
830 2984 911 3026 245,

963 1592 1055 1638 Equ.
1081 1595 1171 1631 1016
1192 1597 1259 1629 etc.
1298 1605 1332 1628 v.
1353 1593 1589 1630 Hemsterhus.
1616 1603 1693 1627 ann.
1726 1594 1771 1629 ad

963 1640 1113 1684 ejusdem
1143 1640 1236 1675 Plut.
1265 1642 1342 1676 772.
1389 1641 1516 1686 Eurip.
1542 1639 1638 1674 Med.
1670 1640 1770 1676 734.=

1825 1594 1843 1646 7¹

1836 1654 1841 1678 l

961 1685 1137 1729 μολόντες
1160 1685 1252 1722 ἄστυ
1283 1686 1347 1722 καὶ
1376 1685 1539 1731 πόλισμα
1563 1686 1772 1728 Παλλάδος.
1824 1687 1840 1731 ζ,

963 1734 1109 1767 Terent.
1133 1733 1221 1767 Eun.
1245 1735 1288 1775 5,
1313 1735 1353 1775 5,
1379 1736 1455 1769 17..
1447 1745 1454 1754 ·
1481 1745 1528 1766 απ
1551 1734 1588 1767 in
1609 1738 1688 1767 astu
1712 1745 1772 1767 vc-
1823 1743 1841 1765 τ.

961 1779 1041 1813 mt?
1067 1780 1101 1812 h.
1114 1791 1144 1815 e.
1166 1779 1201 1817 in
1224 1781 1342 1813 urbem
1364 1780 1593 1821 Athenarum,
1618 1790 1706 1824 quae
1723 1779 1771 1814 ibi
1822 1795 1825 1818 3

962 1825 1099 1870 quidem
1133 1826 1296 1870 opposita
1327 1829 1380 1860 est
1406 1825 1549 1868 Piraeo,
1589 1826 1652 1860 sed
1687 1826 1772 1861 alias

962 1871 1034 1907 arci
1059 1870 1115 1906 vel
1138 1872 1222 1906 ruri.

1010 1917 1088 1959 147,
1107 1918 1184 1954 148.
1217 1917 1364 1955 εἶσιν.
1389 1917 1472 1959 ibit,
1496 1921 1538 1952 ut
1556 1928 1633 1952 mox
1655 1917 1773 1961 ιμεν,

962 1964 1096 1998 ibimus.
1129 1964 1255 1998 Matth.
1286 1967 1318 2006 §.
1345 1963 1435 2006 504,
1455 1945 1491 2000 3.
1519 1983 1566 1989 -·
1605 1962 1710 2000 ἐπεὶ
1731 1985 1776 1992 -

963 2011 1076 2046 αἰεί.
1098 2008 1140 2051 ι’,
1166 2012 1256 2054 316,
1281 2012 1362 2047 317-

1011 2058 1240 2093 150—159.
1285 2055 1480 2114 σχέτλιε.
1523 2053 1577 2103 β’,
1611 2057 1699 2098 112,
1730 2055 1776 2102 γ’,
1819 2053 1839 2083 =-‘

962 2101 1052 2141 414.
1077 2100 1225 2144 π’,203
1246 2108 1311 2138 etc.
1330 2122 1374 2129 —
1408 2101 1579 2146 ἕλωρκ.
1603 2103 1772 2147 κύρμα.

964 2147 1002 2192 ε’,
1023 2149 1103 2184 488.
1124 2168 1170 2173 —
1207 2146 1394 2205 ὄφελος.
1418 2148 1471 2191 ν’,
1493 2150 1573 2185 236.
1598 2168 1641 2174 -
1668 2150 1772 2186 Sch..

962 2193 1303 2238 αλαλκέμεναι.
1329 2194 1382 2241 (ι’,
1400 2193 1546 2238 601,t‘,
1559 2197 1617 2237 30,
1643 2196 1772 2241 odyss.

962 2241 1014 2287 γ’,
1044 2243 1112 2297 237
1143 2243 1237 2287 etc.)
1279 2240 1526 2287 απαλεξῆσαι,
1568 2243 1772 2287 βοηθῆσαι.

961 2287 1243 2344 πεφήσεται.
1284 2291 1353 2325 νῦν
1396 2289 1602 2344 προφανῶς
1642 2288 1772 2344 (malim

961 2332 1174 2391 προφανής,
1198 2341 1236 2369 ut
1248 2335 1363 2370 Schol.
1381 2336 1436 2377 B.)
1456 2333 1658 2380 γενήσεται,
1677 2332 1770 2370 α’να-
1815 2339 1833 2369 ff

962 2381 1182 2436 φανήσεται.
1213 2380 1274 2417 ὁτὲ
1297 2384 1339 2418 δε
1363 2381 1648 2427 φονευθήσεται.
1671 2381 1770 2425 (164,
1814 2415 1815 2418 ,

1002 2430 1124 2470 ,,829
1151 2427 1181 2463 ο’
1195 2429 1314 2470 ,140,
1337 2429 1427 2464 insta
1448 2430 1515 2464 689
1535 2432 1602 2462 etc.
1622 2446 1669 2453 —
1700 2426 1772 2462 αἰ-

960 2487 1052 2516 πυς
1076 2472 1137 2511 ολ
1167 2473 1220 2516 λ’,
1246 2474 1332 2516 174,
1405 2475 1507 2517 3,-15
1529 2478 1595 2508 etc.
1639 2471 1772 2518 λυγρὸν

961 2519 1122 2566 ὀλεθρον
1152 2521 1254 2556 simili
1283 2533 1385 2555 sensu
1416 2521 1506 2554 dixit
1540 2519 1593 2565 β’,
1624 2521 1702 2556 873.
1735 2523 1772 2554 et
1812 2552 1814 2556 ,

961 2580 1065 2613 saepe
1087 2568 1182 2602 alias.
1216 2566 1408 2612 comparari
1429 2571 1540 2601 autem
1570 2566 1661 2600 inter
1679 2577 1718 2599 se
1736 2565 1771 2599 H
1812 2594 1813 2599 ,

955 2615 1057 2658 jubet
1086 2614 1171 2648 haec
1202 2619 1237 2647 et
1255 2613 1440 2647 Thersitae
1460 2612 1556 2646 dicta
1583 2611 1706 2646 similia
1724 2609 1772 2658 β,
1810 2641 1813 2651 ,

960 2661 1062 2702 235,
1087 2665 1125 2694 ut
1153 2659 1403 2703 intelligamus,
1435 2664 1598 2704 quantum
1622 2668 1772 2702 persona
1810 2695 1811 2698 ,

960 2706 1107 2740 dicentis
1142 2706 1298 2740 conferat
1326 2705 1371 2739 ad
1400 2705 1608 2750 gravitatem
1640 2703 1769 2738 oratio-

960 2753 1024 2787 nis.
1062 2771 1106 2777 —
1166 2749 1435 2796 ἐσέρχεται,
1478 2751 1594 2792 subit,
1637 2749 1769 2809 implet.

960 2798 1085 2834 matth.
1115 2799 1149 2839 §-
1169 2797 1256 2839 394,
1277 2809 1304 2831 c.
1335 2818 1379 2824 —
1413 2796 1565 2832 πόνον
1589 2796 1667 2831 καὶ
1693 2797 1749 2840 δῇ
1751 2814 1769 2820 -

959 2858 1055 2888 ριν,
1080 2845 1230 2878 laborem
1255 2844 1432 2885 bellicum,
1457 2843 1593 2878 bellum.
1626 2842 1769 2877 hendia-

958 2891 1054 2946 dgs.)
1079 2888 1393 2934 ἐρυσαίμεθα.
1428 2888 1689 2937 βαστάσωμεν,
1713 2888 1768 2925 57.-
1805 2938 1808 2951 1

957 2951 1002 2974 κν
1009 2949 1138 2980 σωμεν.

1005 2983 1218 3021 161—168.
1249 2982 1440 3029 χάρμης.
1465 2980 1521 3027 δ’,
1543 2983 1612 3020 222
1630 2987 1696 3018 etc.
1723 3000 1768 3007 —
1804 3038 1806 3042 .
