1847 3277
122 97 202 136 136

294 200 393 245 ἄλλ’
424 202 493 247 ὅτε
523 204 576 260 δὴ
608 206 820 274 σκιρτῷεν
848 204 914 248 ἐπ’
947 203 1078 259 εὐρέα
1105 222 1225 249 νωτα
1254 208 1504 265 θαλάσσης,

292 258 432 312 ἄκρον
461 261 530 304 ἐπὶ
560 261 766 329 ῥηγμῖνος
797 260 899 311 ἁλός
927 267 1100 305 πολιοῖο
1130 264 1328 307 θέεσκον.

179 320 261 361 230
297 319 427 368 Τρωα
457 315 500 359 δ’
525 317 797 375 Ἐριχθόνιος
825 317 967 361 τέκετο
1007 317 1228 372 Τρώεσσιν
1257 319 1439 362 ἁν.ακτα

285 373 444 430 Τρωὸς
474 371 514 415 δ’
547 376 602 416 αὑ
637 379 751 426 τρεῖς
779 377 929 424 παῖδες
959 372 1182 445 ἀμύμονες
1211 376 1482 430 ἐξεγένοντο,

285 423 394 478 Ιλός
428 428 482 480 τ’,
509 428 775 482 Ἀσσαρακός
803 445 869 481 τε,
901 431 974 473 καὶ
1008 430 1210 481 ἀντίθεος
1239 431 1526 500 Γανυμήδης,

294 484 344 552 ὃς
376 484 428 539 δὴ
457 485 683 535 κάλλιστος
711 485 858 539 γένετο
887 491 1066 542 θνητῶν
1096 486 1369 540 ἀνθρώπων·

293 540 370 584 τὸν
398 542 472 583 καὶ
502 542 817 614 ἀνηρείψαντο
824 543 943 590 θεοὶ,
975 546 1055 586 Διῒ
1082 543 1373 599 οἰνοχοεύειν,

183 601 266 641 235
300 596 482 646 κάλλεος
513 613 653 640 εινεκα
683 601 774 649 οἱο,
806 596 866 640 ι’ν’
900 598 1161 643 ἀθανάτοισι
1191 602 1347 656 μετείη

289 648 400 703 Ἰλος
431 652 474 695 δ’
507 649 564 697 αὖ
595 653 738 697 τέκεθ’
770 654 869 697 υἱὸν
902 654 1109 711 ἀμύμονα
1138 657 1443 710 Λαομέδοντα

297 710 539 764 Λαομέδων
573 708 616 752 δ’
648 709 734 763 ἄρα
769 713 972 755 Τιθωνὸν
1001 713 1169 764 τέκετο,
1203 712 1406 782 Πρίαμόν
1435 728 1501 765 τε,

297 766 485 820 Λάμπον
514 781 580 815 τε,
611 769 802 809 Κλυτίον
830 765 906 818 θ’,
930 768 1148 840 ‘Iustoipvoi
1178 767 1217 811 τ’
1231 800 1243 819 ,
1274 769 1378 821 όζον
1397 769 1569 825 ’Ἀρηος

295 821 558 895 Ἀσσάρακος
588 823 634 865 δὲ
664 822 847 867 Κάπυν·
879 824 902 867 ὁ
935 823 974 868 δ’
1008 824 1073 877 ἄρ’
1102 825 1298 879 Ἀγχίσην
1328 825 1423 868 τέκε
1452 828 1608 870 παῖδα

186 881 268 923 240
299 877 438 933 αὐτὰρ
469 877 536 935 ἔμ’
566 877 778 934 Ἀγχίσης,
809 882 1007 936 Πρίαμος
1038 880 1083 924 δ’
1116 880 1215 950 ἔτεχ’
1233 880 1422 954 ’Έκτορά
1453 884 1562 925 δῖον.

299 936 457 990 ταύτης
486 952 554 978 τοι
580 940 729 991 γενεῆς
758 953 802 980 τε
833 937 906 980 καὶ
937 939 1120 992 αι’ματος
1150 937 1332 993 εὔχομαι
1363 943 1486 981 εἰναι.

349 1014 446 1048 Jovis
473 1015 508 1048 in
535 1026 633 1048 manu
657 1015 753 1049 sitam
787 1027 862 1050 esse
892 1017 1090 1060 victoriam3
1128 1029 1190 1051 nec
1225 1017 1455 1052 altercandum
1483 1029 1558 1052 esse
1586 1018 1688 1061 viris,
1720 1029 1792 1052 mu-

268 1058 385 1093 lierum
414 1060 499 1101 ritu,
524 1063 584 1095 sed
611 1062 840 1106 pugnandum.

302 1160 327 1178 ‚‚
340 1127 448 1178 Ζευς
479 1127 520 1170 δ’
554 1127 712 1199 ἀρετὴν
742 1128 974 1183 α’νδρεσσιν
1004 1128 1177 1198 ὀφέλλει
1206 1146 1272 1181 τε,
1301 1129 1480 1184 μινύθει
1506 1147 1574 1184 τε,

305 1183 456 1254 ὅππως
479 1200 562 1229 κεν
590 1185 816 1240 ἐθέλῃσιν·
847 1185 870 1229 ὁ
901 1188 984 1256 γάρ
1015 1185 1244 1239 κάρτιστος
1273 1185 1488 1228 ἁπάντων.

304 1239 393 1283 ἄλλ’
423 1240 512 1312 ἄγε
528 1241 676 1296 μηκέτι
704 1245 841 1308 ταῦτα
867 1243 1115 1298 λεγώμεθα,
1147 1241 1350 1297 νηπύτιοι
1381 1259 1465 1294 ως,

193 1299 276 1341 245
307 1296 467 1340 ἑσταότ’
495 1297 543 1340 ἐν
571 1299 706 1368 μέσση
720 1298 898 1367 ὑσμίνη
930 1302 1181 1354 δηϊοτῆτος·

309 1354 423 1405 [ἔστι
448 1354 530 1409 γὰρ
561 1353 874 1409 ἀμφοτέροισιν
905 1354 1073 1399 ὀνείδεα
1103 1352 1392 1410 μυθήσασθαι

139 1465 402 1509 Theophrastus
423 1467 466 1500 H.
482 1466 527 1511 pl.
553 1470 584 1509 1,
607 1469 661 1502 10.
679 1471 714 1501 et
732 1467 846 1501 alias
836 1479 945 1513 ipsam

140 1511 229 1544 illam
257 1513 424 1555 plantam,
447 1518 547 1546 vocat
572 1510 782 1557 ἀνθέρικον.
821 1526 854 1546 v
875 1514 947 1547 Bil-

141 1557 293 1591 lerbeck.
325 1558 417 1591 F.lor
454 1560 552 1592 class
579 1571 610 1603 p.
635 1561 714 1600 92.,
747 1560 781 1592 H
815 1565 850 1593 et
874 1561 948 1593 He-

141 1604 239 1646 sych.
281 1604 423 1648 ejusque
464 1605 615 1650 interpp.
649 1606 682 1640 h
717 1617 750 1638 v.
789 1612 946 1650 apparet,

142 1650 232 1682 hunc
263 1656 416 1683 nostrum
439 1650 575 1694 quidem
610 1647 810 1694 ἅνθέρικας
834 1651 950 1685 dicere

142 1696 269 1728 culmos
291 1697 501 1753 ιξνίεῐανιιπι,
530 1708 637 1741 germ.
661 1699 718 1731 die
745 1699 881 1731 Halme.

188 1742 268 1775 229.
301 1740 376 1776 ἐπὶ
401 1740 656 1786 ῥηγμῖνος,
692 1745 727 1776 in
759 1743 948 1786 superficie.

146 1799 182 1820 v.
207 1788 289 1820 Sch.
315 1798 391 1821 ann.
426 1790 468 1820 ad
502 1789 602 1830 227.,
636 1790 666 1822 Ε
699 1797 734 1823 et
766 1789 949 1822 Philemon.

144 1833 212 1866 lex.
233 1833 308 1865 MS.
335 1845 388 1877 ap.
416 1834 544 1867 Villois.
578 1847 654 1870 ann.
679 1835 723 1868 ad
743 1836 806 1879 Ap.
833 1847 865 1868 v.
886 1834 950 1878 ρη-

144 1880 240 1922 γμίν.
262 1879 537 1936 adscripserunt
530 1880 745 1914 Scholiastae
756 1882 813 1914 illa
823 1881 949 1925 Odyss

145 1923 204 1968 μ’,
226 1924 328 1958 214.:
363 1925 467 1968 ὑμεῖς
498 1925 564 1967 μὲν
586 1926 752 1973 κώπῃσιν
777 1926 864 1968 ἁλός
888 1927 952 1971 ρη-

146 1984 271 2051 γμ2ι3ῗ.
282 1973 646 2062 &zasiggofflzidmgtf
664 2020 728 2059 12,
762 2020 795 2053 2.
838 2018 954 2052 Schol.

150 2062 309 2096 Tounl..
353 2063 480 2106 Τρωὸς
521 2064 582 2099 καὶ
623 2064 849 2119 Καλλιρόης,
889 2068 955 2106 τῆς

151 2107 423 2151 Σκαμάνδρου,
465 2124 514 2150 ως
541 2109 760 2150 Ελλάνικος.
806 2110 879 2143 scil.
915 2109 954 2144 ἐν

149 2158 230 2194 τοῖς
245 2158 434 2198 Τρωικοῖς,
453 2168 493 2190 ex
512 2157 634 2201 quibus
651 2169 712 2189 sua
733 2157 834 2200 petiit
848 2156 954 2200 Apol-

150 2201 306 2241 lodorus,
349 2203 441 2235 sicut
482 2202 589 2247 ipsius
623 2202 794 2235 Hellanici
828 2202 956 2235 fundus

151 2247 290 2280 fuerunt
315 2247 504 2282 Homerica.
540 2260 571 2281 v.
596 2249 764 2282 Hellanici
787 2249 956 2292 sragmm.,

152 2304 174 2326 a
195 2293 333 2325 Sturzio
358 2294 462 2328 edita.
501 2295 555 2327 Ex
580 2295 627 2328 H.

198 2339 287 2377 233,
308 2339 388 2375 234.
412 2337 674 2380 κάλλιστος.
699 2340 826 2374 dictum
850 2338 956 2384 ἐγκω·

151 2386 370 2428 μιαστικιῦς,
400 2386 675 2430 quemadmodum
707 2391 744 2419 et
767 2386 851 2419 alios
875 2389 958 2420 καλ-

153 2433 299 2470 λίστονς
323 2431 428 2471 dixit,
463 2432 496 2463 h.
523 2444 553 2467 e.
587 2434 689 2466 valde
709 2433 867 2475 pulcros,
900 2431 959 2477 qui

155 2476 243 2510 idem
262 2488 342 2510 usus
368 2482 422 2510 est
440 2477 637 2511 Latinorum
654 2477 864 2534 superlativi.
899 2490 958 2511 an-

155 2528 318 2556 notarunt
339 2522 468 2555 Veneti.
482 2541 524 2548 —-
547 2523 645 2556 Scb.:
665 2522 960 2567 ἄνηρειψαν-

155 2581 217 2602 το.
242 2568 389 2612 (Odyss.
414 2566 460 2608 α’,
480 2567 560 2610 241,
585 2568 630 2612 δ’,
647 2571 713 2603 727
735 2570 822 2612 etc.)
835 2569 960 2625 ἀνῄρ-

155 2625 288 2648 πασαν.
338 2614 477 2670 (putide
508 2616 593 2669 Apa
633 2615 774 2659 εἴρηται
809 2613 848 2650 δὲ
886 2614 960 2651 απὸ

156 2661 226 2694 τού
244 2657 317 2694 ἀπὸ
333 2662 397 2702 τῆς
412 2659 495 2702 ἔρας
508 2657 791 2706 αναλαμβάνειν,
808 2662 960 2715 equibus

157 2707 264 2739 verba
296 2704 369 2739 ἀπὸ
395 2707 463 2740 τοῦ
496 2707 587 2740 forte
619 2707 819 2740 exciderunt
842 2709 877 2741 in
901 2719 959 2741 co-

158 2752 246 2785 dice.
289 2753 340 2784 sic
373 2752 596 2796 Etymologus
632 2764 768 2797 quoque
802 2760 960 2807 nugatur.

160 2809 189 2829 v.
215 2797 318 2830 Sclln.
345 2798 377 2830 Ιι.
398 2810 430 2830 v.
451 2816 497 2822 —
528 2799 604 2840 „de
632 2800 828 2840 Ganymede
853 2800 897 2833 cs.
922 2797 962 2840 ε’,

160 2845 246 2879 265.
279 2844 358 2877 266.
408 2844 522 2877 Schol.
559 2845 606 2877 B:
640 2863 684 2869 -
709 2844 798 2884 ἔθος
823 2840 889 2888 ἦν,
914 2858 963 2885 ως

160 2889 221 2923 καὶ
250 2888 398 2930 Σαπφώ
434 2901 544 2933 φησι,
576 2890 684 2930 νέους
713 2890 871 2933 εὐγενεῖς
900 2893 962 2926 καὶ

161 2933 350 2978 εὐπρεπεῖς
379 2935 572 2979 οἰνοχοεῖν.
617 2948 649 2970 v.
685 2936 803 2970 Athen.
840 2940 891 2973 10.
930 2949 962 2981 p.

756 99 1152 139 ΟΜΗΡΟΥ

992 1467 1072 1502 424.
1099 1472 1187 1501 extr.
1215 1466 1377 1510 κούρους
1401 1473 1504 1502 vocat
1527 1468 1626 1502 Hom.
1651 1468 1705 1509 α’,
1730 1468 1798 1503 470

993 1520 1028 1547 et
1051 1513 1148 1546 alias.
1184 1515 1229 1547 cf.
1256 1515 1383 1559 Odyss.
1409 1512 1459 1555 θ’,
1485 1516 1583 1549 141.ι
1587 1515 1676 1548 ‘Ex
1695 1512 1834 1547 11.'

1038 1561 1117 1595 235.
1160 1558 1361 1600 κάλλεος
1383 1578 1428 1584 -
1459 1562 1634 1605 μετείη.
1671 1561 1796 1604 Οά)5ε.

994 1602 1046 1645 0',
1069 1606 1147 1640 251.
1174 1607 1260 1639 haec
1284 1617 1367 1640 vera
1390 1605 1457 1638 fuit
1482 1617 1604 1647 causa,
1641 1618 1700 1640 cur
1724 1607 1796 1639 Ga-
1831 1607 1835 1615 ⁴

993 1651 1169 1695 nymedem
1189 1659 1355 1696 raperent
1377 1652 1444 1684 dii.
1470 1654 1631 1686 volebant
1649 1653 1739 1697 apud
1764 1663 1801 1685 se

994 1709 1071 1730 esse
1095 1697 1342 1730 adolescentem
1365 1698 1645 1741 pulcherrimum,
1670 1705 1708 1731 ut
1727 1700 1801 1742 ejus

996 1745 1196 1776 commercio
1220 1744 1428 1776 fruerentur.
1470 1744 1512 1776 ad
1544 1745 1799 1778 ministrandum

995 1788 1074 1821 vina
1094 1789 1173 1821 Jovi
1192 1795 1226 1821 et
1243 1789 1307 1822 diis
1325 1789 1519 1822 sufficiebat
1531 1790 1630 1824 Hebe
1648 1789 1714 1834 (δ’,
1727 1794 1798 1830 2.);

997 1834 1055 1878 qui
1079 1839 1192 1867 tamen
1217 1835 1318 1867 datus
1350 1840 1404 1868 est
1435 1835 1483 1867 illi
1518 1837 1642 1877 honos,
1678 1843 1716 1870 ut
1740 1837 1801 1870 de-

997 1887 1115 1912 center
1137 1881 1274 1913 deorum
1299 1880 1467 1914 conviviis
1488 1881 1682 1916 interesset.
1718 1884 1802 1916 haec

998 1937 1064 1959 non
1089 1932 1288 1969 reputantes
1323 1927 1534 1970 grammatici
1567 1929 1802 1970 recentiorum,

999 1972 1199 2016 praesertim
1221 1972 1445 2012 Cretensium,
1467 1973 1511 2006 de
1529 1974 1729 2018 Ganymede
1747 1975 1802 2008 fa·
1833 1983 1836 1987 '

999 2019 1094 2050 bulas
1120 2018 1317 2051 admiscent.
1342 2030 1375 2051 v,
1395 2018 1430 2051 H
1450 2029 1523 2052 cum
1540 2020 1574 2055 h.
1593 2021 1617 2053 1.
1636 2025 1704 2054 tum
1725 2032 1801 2055 ann.

1001 2064 1042 2096 ad
1070 2063 1227 2106 Apollod.
1252 2065 1296 2105 3,
1322 2065 1385 2105 12,
1409 2066 1443 2099 2.
1489 2098 1493 2099 ι

1047 2110 1170 2143 236-
1181 2112 1258 2144 238.
1291 2108 1524 2163 ἀμύμονα.
1550 2108 1596 2150 α’,
1612 2112 1658 2146 92
1675 2117 1744 2146 etc.
1761 2130 1837 2145 —.

1001 2152 1110 2196 ὄζον
1125 2152 1301 2199 Ἄρηος.
1326 2153 1377 2202 β’,
1400 2156 1490 2211 540,
1514 2154 1563 2199 y'‚
1584 2135 1648 2192 147
1673 2164 1741 2193 etc.
1834 2178 1837 2194 ·,

1046 2202 1257 2236 242-245,
1283 2199 1475 2246 αρετὴν,
1500 2202 1681 2240 virtutem
1705 2204 1806 2237 forti-
1833 2214 1837 2233 ¹

1006 2246 1162 2280 tudinem.
1185 2267 1231 2274 —
1276 2247 1482 2302 ὀφέλλει.
1514 2247 1566 2292 γ’,
1589 2250 1634 2282 62
1659 2243 1726 2283 etc.
1761 2261 1837 2277 ->

1003 2291 1218 2335 μινύθει.
1263 2292 1293 2327 ο’
1306 2319 1316 2337 ,
1350 2293 1418 2348 493
1449 2300 1517 2327 etc.
1565 2295 1721 2334 „similis
1755 2300 1808 2329 est
1834 2300 1838 2327 l

1005 2338 1114 2371 oratio
1150 2340 1310 2373 Hectoris
1343 2339 1394 2382 ρ’,
1430 2340 1515 2381 177,
1542 2342 1638 2375 178.6
1642 2343 1728 2375 H.
1760 2360 1806 2365 —
1834 2371 1837 2376 .

1005 2384 1105 2418 Seu:
1140 2385 1403 2430 λεγωμεθα.
1439 2383 1510 2431 (β’,
1535 2388 1623 2427 435,
1649 2385 1701 2428 ν,
1725 2388 1838 2429 275,1

1005 2432 1091 2471 292,
1118 2432 1175 2475 qui
1201 2432 1303 2476 plane
1326 2432 1414 2466 idem
1439 2443 1558 2466 versus
1583 2435 1664 2476 est.)
1689 2435 1808 2468 ὃιαλε-
1834 2440 1838 2469 l

1005 2475 1169 2520 γωμεθα.
1189 2498 1233 2503 -
1271 2475 1513 2522 ,μυσμίνην
1545 2479 1809 2522 δηιοτῆτος

1006 2523 1062 2556 hic
1094 2529 1224 2557 tantum
1257 2524 1360 2566 dixit,
1403 2524 1488 2558 alias
1520 2530 1630 2558 autem
1663 2526 1749 2559 haec
1772 2530 1838 2561 etl

1006 2568 1148 2609 similia,
1177 2570 1321 2614 πολέμῳ
1348 2570 1408 2605 και
1435 2571 1620 2629 δηιοτῆτι,
1651 2570 1838 2625 πόλεμοςξ

1005 2615 1067 2648 καὶ
1093 2614 1274 2657 φύλοπις,
1297 2614 1395 2661 μάχη
1420 2619 1482 2651 καὶ
1505 2616 1675 2659 φύλοπις.
1717 2618 1808 2661 ejus·
1836 2636 1839 2650 ς

1007 2661 1081 2694 dem
1103 2666 1214 2695 tamen
1233 2663 1371 2706 generis
1390 2668 1442 2696 est
1459 2661 1619 2707 φύλοπις
1633 2664 1808 2708 πολέμοιο
1835 2662 1838 2695 l

1005 2705 1055 2747 ν’,
1079 2708 1189 2743 313.“
1224 2710 1276 2742 Ex
1301 2709 1347 2741 H.

1052 2753 1176 2788 246-
1185 2754 1264 2788 255.
1297 2753 1464 2788 assentior
1488 2754 1653 2797 Heyneo‚
1680 2755 1765 2788 haec
1789 2765 1811 2787 a
1835 2762 1838 2779 ¹

1007 2799 1188 2842 rhapsodis
1212 2800 1349 2844 adjecta
1373 2811 1448 2833 esse
1471 2800 1698 2834 existimanti.
1723 2799 1847 2834 adeo

1008 2851 1086 2878 sunt
1118 2846 1255 2889 garrula
1285 2852 1321 2879 et
1341 2844 1557 2889 ταυτολόγα.
1599 2847 1675 2891 quis
1708 2847 1809 2883 ferat,
1836 2843 1847 2902 1

1009 2902 1103 2932 eum,
1127 2892 1184 2936 qui
1209 2903 1379 2925 sermones
1399 2892 1554 2946 abrumpi
1574 2893 1693 2936 jubeat
1716 2888 1839 2935 (ἀλλ”

1009 2934 1094 2980 ἄγε,
1137 2937 1262 2981 μηκέτι
1304 2939 1423 2972 ταῦτα
1453 2936 1682 2983 λεγώμεθα),
1725 2943 1838 2973 noval
