1847 3277
82 994 183 1040 ἦρι,
214 993 254 1030 ἐν
279 997 375 1040 κῆρι.
417 992 451 1038 ι’,
491 996 571 1031 118.
572 997 596 1014 “
631 995 686 1028 Ex
722 995 767 1029 H.
817 995 861 1029 cf.

58 1044 129 1082 35.
176 1042 332 1076 similiter
355 1043 447 1076 Juno
475 1053 530 1086 ap.
563 1041 718 1085 Apollon
746 1041 861 1077 Rhod,

58 1119 59 1122 ,
73 1090 230 1128 ,790-
241 1089 318 1122 809.
363 1093 399 1121 et
429 1087 609 1121 educatam
645 1089 688 1121 ab
711 1099 749 1121 se
784 1099 861 1121 esse

56 1109 98 1178 „i't
129 1133 278 1174 Thetin,
305 1139 342 1167 et
381 1140 520 1177 nuptam
553 1133 680 1173 Peleo,
731 1134 859 1177 optimo

52 1180 251 1220 nortalium,
275 1180 432 1223 quoniam
460 1178 559 1212 Jovis
581 1189 728 1212 amorem
759 1190 859 1213 recu-

60 1231 170 1260 asset.
219 1226 447 1270 Apollodorus
477 1229 590 1259 autem
618 1225 857 1266 3,13,5.=

58 1285 145 1312 τινες
175 1269 215 1306 δε
249 1272 433 1327 λέγουσιν,
477 1270 606 1315 inquit,
638 1266 690 1314 μὴ
722 1272 860 1328 βουλη-

47 1322 180 1353 θεῖσαν
208 1316 316 1353 Θέτιν
340 1318 405 1353 Διῒ
420 1319 612 1351 συνελθεῖι
622 1340 632 1357 ,
660 1315 731 1351 ὑπὸ
739 1315 860 1360 Ἠρας

44 1396 46 1399 .
53 1378 158 1408 τεραφ
168 1368 270 1405 ἴσαν,
304 1368 379 1399 Δία
412 1361 451 1398 δε
477 1361 698 1407 ὀργισθέντα
728 1366 780 1398 θν
773 1365 860 1408 ἠτῷ

50 1412 188 1447 ἐθέλειν
223 1408 341 1455 αὐτὴν
382 1411 612 1453 συνοικῆσαι.
653 1410 697 1442 de
726 1412 858 1453 nuptiis

49 1459 140 1492 Pelei
170 1461 203 1491 et
236 1457 403 1492 Thetidos
440 1467 508 1489 non
535 1461 590 1488 est
619 1455 709 1499 quod
744 1456 857 1489 multis

47 1504 210 1539 dicamus.
247 1515 281 1538 V.
306 1504 450 1538 Barues.
485 1502 519 1535 h.
544 1501 566 1534 Ι.
593 1507 629 1534 et
653 1502 783 1536 Hann.
812 1502 856 1535 ad

45 1550 198 1595 Apollod.
231 1549 256 1583 l.
284 1562 329 1591 c,
363 1549 466 1582 Pind.
488 1548 589 1580 Nem.
612 1546 658 1587 4.,
693 1549 741 1580 Ae
725 1548 853 1592 schyl.

1 1597 274 1644 ᾗψυχοστασίᾳ
295 1608 350 1641 ap.
376 1596 466 1628 Plat.
491 1593 534 1626 de
553 1593 638 1638 Rep.
658 1595 703 1634 2,
729 1594 850 1638 Eurip.

41 1644 155 1688 Iphig.
185 1642 261 1676 Aul
290 1643 417 1679 939-
425 1642 513 1680 966,
551 1639 677 1673 Catull.
707 1641 753 1674 64
782 1645 850 1674 etc.

30 1689 299 1722 Sch01.Vict.:
352 1685 846 1728 ἀντιάασθεμετελαμ-

0 1764 3 1783 ι
28 1735 182 1782 βάνετε.
233 1734 373 1779 ἐγένετο
400 1732 439 1768 δὲ
475 1732 514 1767 ἐν
545 1733 594 1778 τῷ
625 1729 747 1788 ἄντρῳ
775 1734 843 1767 τοῦ

39 1785 234 1824 Χείρωνος.
253 1782 370 1816 eodem
382 1791 483 1815 sensu
501 1768 626 1813 dicitur
644 1777 775 1824 άντιᾷν
787 1792 840 1814 τις

0 1822 66 1864 ἰ
86 1827 132 1870 α’,
156 1829 200 1864 31
224 1832 291 1862 etc

22 1891 25 1895 ·
84 1877 141 1911 63.
189 1869 398 1908 daivvc’.
442 1872 474 1905 h.
507 1883 536 1904 e.
570 1869 756 1906 ε’ὃαίνυσο.
800 1870 850 1904 ita

0 1921 129 1959 ,Mori
157 1919 246 1954 liber
279 1925 316 1954 et
347 1920 393 1951 W
423 1921 453 1951 1.
488 1917 543 1951 ed.
575 1919 680 1961 vulgo
707 1915 835 1951 δαίνυ’
837 1942 848 1958 ,

33 1968 135 2012 quasi
155 1967 290 2002 δαίνυο
312 1966 388 2000 sive
415 1963 520 1999 ἐδαίν
515 1977 566 1998 ·υο
587 1965 763 1998 duceretur
785 1975 847 2009 pro

33 2013 221 2050 ἐδαίννσο.
253 2013 327 2048 scil.
344 2012 593 2046 confundentes
615 2010 746 2044 librarii
767 2023 785 2044 ο
812 2015 847 2043 et

36 2072 58 2095 σ
75 2061 211 2094 litteras
235 2060 361 2094 similes
380 2059 522 2091 alteram
549 2057 748 2097 emisenum,
771 2067 844 2089 cum

35 2108 192 2142 δαίνυσο
225 2106 389 2150 scriptum
414 2108 507 2137 esset
541 2103 577 2136 in
605 2103 845 2146 autographiS,

34 2153 90 2187 vel
110 2153 157 2186 ibi
179 2152 390 2205 reperientes
416 2151 550 2184 δαίνυσ
574 2149 731 2193 neglecto
759 2159 844 2191 apo-

28 2199 195 2243 stropho,
230 2203 270 2233 ut
296 2197 371 2231 fieri
397 2197 503 2237 solet,
539 2195 655 2238 legere
684 2195 750 2228 sibi
777 2194 845 2227 visi

32 2252 112 2280 sunt
136 2246 288 2285 δαίνυο,
324 2242 379 2277 cui
414 2238 558 2286 οἷμέτρῳ
590 2242 844 2274 substituerunt

34 2288 177 2328 δαίνυ’.
232 2291 277 2324 cf.
306 2288 349 2330 λ,
384 2290 465 2330 454,
508 2288 566 2322 ubi
593 2288 694 2321 simili
722 2288 843 2320 menda

33 2338 134 2373 codd.
155 2337 285 2382 vulgati
313 2336 438 2369 habent
463 2333 635 2378 ἐρύουσι,
661 2334 721 2367 sed
743 2333 841 2367 Harl.

31 2391 67 2419 et
95 2383 250 2417 meliores
277 2382 355 2415 libri
387 2379 570 2425 ἐρύσουσι.
600 2399 645 2404 —-
675 2380 843 2420 κακῶν,

34 2431 257 2476 ignobilium,
294 2440 357 2461 nec
376 2440 395 2463 a
415 2428 480 2461 diis
504 2439 613 2471 genus
631 2426 841 2483 ducentium,

31 2483 71 2510 ut
92 2476 242 2510 Achilles
267 2474 380 2513 duxit,
413 2485 511 2518 quem
538 2479 722 2518 propterea
755 2469 842 2515 οἵγα

27 2521 104 2558 &dv
127 2522 321 2567 appellasse
339 2520 479 2554 videtur
499 2520 617 2563 Apollo
640 2521 696 2552 53.
725 2518 840 2551 Schol.

34 2570 142 2603 Vict.:
171 2569 342 2602 κακῶν.
374 2565 610 2607 Ἀλεξάιδρου
634 2565 694 2599 καὶ
707 2563 839 2600 ’Έκτο-

33 2628 107 2658 ρος.
150 2611 331 2653 Ησίοδος
359 2613 424 2656 (Ο.
450 2617 486 2645 et
505 2612 548 2645 D.
575 2611 695 2654 716.·)
719 2609 838 2655 μηδὲ

30 2662 187 2697 κακῶν
212 2659 394 2703 ἕταρος.
428 2659 489 2693 sed
510 2658 603 2692 solus
624 2657 678 2690 hic
702 2657 838 2701 quidem

31 2708 164 2743 Hector
186 2707 316 2752 agitur.
351 2704 490 2750 pluralis
515 2716 577 2750 pro
603 2703 770 2748 singulari
795 2704 837 2736 il-

28 2755 117 2788 latus
159 2757 213 2787 e'st
259 2751 333 2797 ἐμφ
338 2752 493 2793 atraciis,
550 2756 589 2783 ut
620 2749 756 2806 passim.
791 2769 836 2774 —

27 2800 72 2834 Sc
74 2798 153 2834 holl.
181 2799 220 2834 B.
249 2799 337 2832 Vict
341 2801 498 2842 ‚Mosc=
523 2793 631 2831 αἰὲν
654 2793 835 2831 ἄπιστε.

29 2859 78 2886 ως
115 2843 368 2889 υποσχόμενος
402 2843 617 2902 βοηθησειν
658 2840 833 2900 Ἀχαιοῖς·

26 2891 336 2936 ἐπέγναμψεν
358 2889 443 2935 γάρ
467 2887 691 2928 ἅπαντας
711 2885 832 2933 “Hpq

23 2938 294 2983 λισσομένη.
335 2938 381 2984 β’,
409 2938 464 2973 31.
508 2937 700 2981 interpres.
741 2947 831 2969 scm-

21 2997 84 3032 per
116 2985 258 3031 perfide.
304 2985 433 3020 malim:
470 2994 498 3018 ο.
531 2989 736 3026 contumax,
768 2993 830 3016 nec

622 103 1050 144 ΙΛΙΑΔΟΣ
1103 103 1159 142 Ω.

1645 102 1729 143 2Ί9

238 212 397 264 πάντες
427 211 473 257 ὸ’
503 210 765 260 άντιάασθε,
796 210 915 259 θεοὶ,
946 208 1116 278 yoc‘gaeo‘v·
1146 208 1192 251 ἓν
1221 208 1267 251 δὲ
1297 207 1353 251 σύ
1381 213 1494 253 τοῖσι

237 268 409 314 δαίνυσ’
412 269 564 325 ,ρεχων
593 267 840 324 φόρμιγγα,
869 271 1021 310 κακῶν
1051 263 1173 320 ἕταρ’
1175 297 1187 317 ,
1220 265 1313 308 αἰὲν
1336 264 1548 310 ἄπιστεμ(

283 351 382 394 cujus
405 347 554 393 linguam
581 347 770 392 compescit
793 346 953 392 Jupiter,
977 349 1014 380 et
1039 346 1171 380 Thetin
1195 343 1325 378 arcessi
1345 345 1460 390 jubet.

88 426 91 471 ᾖ
317 416 408 474 Τὴν
436 413 480 459 δ’
511 413 861 484 ἀπαμειβόμενος
889 413 1091 470 προσέφη
1122 413 1438 468 νεφεληγερέτα
1468 411 1600 466 Ζεύς·

85 508 87 537 ἶ
148 477 244 527 65,
249 473 386 544 ,Ηρη,
417 471 476 528 μή
510 470 563 527 δή
594 470 778 527 πάμπαν
792 469 1137 543 ἀποσκύδμαινε
1165 474 1350 513 θεοῖσιν.

231 549 286 575 ου
315 530 394 586 μὲν
419 529 502 601 γάρ
533 528 633 584 τιμή
662 543 710 584 γε
739 525 803 584 μί’
835 528 1024 574 ἔσσεται.
1057 525 1166 571 ἀλλὰ
1195 526 1267 569 καὶ
1284 525 1455 580 ’Ἑκτωρ

230 590 457 658 φίλτατος,
468 587 564 629 ε’σκε
593 589 738 628 θεοῖσι
767 588 967 655 βροτων,
1000 587 1044 627 οἳ
1074 585 1121 627 ἐν
1145 582 1254 639 Ἰλίῳ
1285 583 1407 633 εἰσὶν,

185 649 204 671 *
233 643 291 694 ὣς
319 643 403 713 γὰρ
434 640 578 699 ἔμοιγ’
580 671 594 692 ,
625 640 716 685 ἐπεὶ
746 640 844 685 οὔτι
875 643 1020 696 φίλων
1045 639 1264 711 ἡμάρτανε
1293 638 1464 694 δώρων.

231 717 284 744 ov
315 699 399 755 γάρ
433 701 510 754 μοί
537 714 642 742 ποτε
667 698 816 754 βωμὸς
843 697 1016 741 ἐδεύετο
1050 697 1198 748 ὁαιτὸς
1225 697 1355 752 ἐΐσης,

144 764 200 802 70
229 760 384 827 λοιβῆς
409 772 477 808 τε,
507 757 687 811 κνίσσης
715 754 860 798 τε·τὸ
892 754 978 810 γὰρ
1007 754 1195 810 λάχομεν
1229 754 1359 808 γέρας
1389 752 1522 809 ἡμεῖς

228 812 326 856 ἀλλ’
356 815 456 884 ἡτοι
484 813 640 862 κλέψαι
668 829 747 867 μεν
777 811 982 866 ἐάσομεν,
1019 811 1122 855 οὐδέ
1124 826 1225 884 τ,πη
1243 810 1331 854 ἔστι

178 876 196 898 *
224 871 371 927 λάθρη
400 867 638 926 Ἀχιλλῆος,
669 869 847 925 θρασύν
864 868 1079 923 ‘'Europa·
1110 864 1142 925 ἦ
1170 866 1255 924 γάρ
1287 868 1330 910 οἱ
1359 865 1445 923 αἰεὶ

907 995 1085 1031 obediens.
1134 992 1363 1049 Apollodorus
1386 992 1432 1032 3,
1469 992 1531 1032 10,
1565 988 1599 1026 4.
1622 992 1719 1035 post-

908 1054 1006 1097 quam
1042 1041 1219 1080 narravit,
1267 1038 1525 1082 Aesculapium,
1567 1041 1719 1070 mortuos

907 1089 1151 1128 suscitantem,
1186 1085 1326 1119 fulmine
1351 1095 1547 1141 percussum
1573 1094 1650 1116 esse
1674 1082 1718 1116 ab

904 1134 1012 1168 Jove·
1046 1132 1111 1168 διὰ
1141 1131 1252 1168 τοῦτο
1297 1129 1482 1175 ὀργισθεὶς
1516 1126 1716 1168 Ἀπόλλων,

904 1179 1033 1224 inquit,
1058 1180 1189 1214 κτείνει
1214 1177 1439 1219 Κύκλωπας,
1464 1188 1554 1216 τους
1574 1173 1644 1209 τὸν
1659 1187 1718 1209 κε-

904 1225 1046 1268 ραυνὸν
1071 1225 1138 1261 Aa·
1156 1223 1514 1263 κατασκευάσαντας.
1553 1219 1644 1262 Ζεύς
1675 1218 1716 1255 δὲ

906 1271 1074 1317 ἐμέλλησε
1103 1272 1243 1329 ῥιπτειν
1276 1268 1391 1306 αὐτὸν
1417 1270 1469 1309 εἰς
1497 1267 1714 1324 Τάρταρον·

905 1320 1102 1364 δεηθείσης
1137 1317 1177 1353 δὲ
1210 1318 1356 1362 Λητοῦς
1384 1315 1566 1351 ἐκέλευσεν
1598 1312 1717 1350 αὐτὸν

905 1364 1077 1401 ἐνιαυτὸν
1105 1363 1214 1407 ἀνδρὶ
1237 1365 1422 1418 θητεῦσαι
1446 1368 1511 1395 etc.

950 1415 1006 1452 65,
1033 1415 1088 1447 66.
1116 1414 1201 1455 Ap:
1229 1408 1613 1451 ἀποσκύδμαινε.
1649 1406 1714 1451 (cf.

902 1457 1046 1491 iuferius
1070 1459 1170 1501 592.)
1205 1453 1375 1501 ὅργίζου,
1414 1455 1537 1498 χολοῦ.
1585 1453 1714 1487 Scholl.

904 1504 944 1543 B,
970 1504 1073 1545 Vict,
1099 1506 1228 1539 Mose-2
1262 1502 1383 1547 ὥσπερ
1415 1501 1521 1544 ἑριζω
1550 1499 1714 1546 ἐριδμαί-

901 1563 973 1590 νω,
1009 1548 1127 1593 σκύζω
1154 1551 1382 1584 σκυδιιαίνω.
1410 1569 1454 1574 -
1487 1548 1594 1590 μία,
1628 1557 1712 1588 una,

896 1596 933 1675 ἓ..
959 1608 988 1630 e.
1022 1599 1141 1631 eadem
1168 1597 1331 1631 Hectoris
1365 1600 1401 1630 et
1425 1593 1580 1628 Achillis.
1616 1590 1713 1638 ὁμὴν

920 1642 985 1676 ixit
1006 1645 1062 1678 57.

940 1691 984 1724 68
1046 1685 1105 1729 οἷς
1127 1687 1214 1744 γὰρ
1241 1684 1410 1732 ἔμοιγ’.
1434 1686 1492 1720 vix
1516 1689 1713 1731 temperare

892 1734 974 1768 mihi
994 1736 1112 1778 potui,
1147 1737 1230 1780 quin
1246 1735 1494 1790 perscriberem
1519 1733 1595 1772 hoc,
1619 1731 1710 1776 quod

889 1782 1072 1823 genuinum
1107 1793 1183 1815 esse
1208 1781 1339 1815 sentio:
1378 1778 1429 1820 οὖς
1452 1776 1546 1822 παρ’
1574 1777 1698 1822 ε”μοιγ
1699 1803 1710 1820 ,

898 1838 952 1859 me
976 1829 1113 1872 quidem
1133 1829 1265 1870 jndice.
1313 1827 1444 1861 Herod
1478 1828 1511 1861 3.
1537 1830 1708 1859 extremo.

900 1873 1056 1918 Ζωπίρο
1040 1888 1082 1909 ου
1115 1873 1156 1909 δὲ
1182 1872 1307 1914 οὐδεὶς
1332 1871 1582 1916 ἀγαθοεργίην
1614 1874 1710 1914 Περ-

895 1921 988 1953 σέων
1012 1917 1257 1975 υπερεβάλεπο
1286 1933 1389 1962 παρα
1415 1920 1561 1964 Δαρείῳ
1584 1919 1703 1963 κριτῇ.

894 1966 1008 1999 schol.
1032 1969 1079 2001 A.
1104 1965 1192 2003 ὅσον
1217 1967 1275 2002 επὶ
1300 1968 1344 2013 τῇ
1356 1966 1439 2023 ἐμῇ
1463 1966 1591 2023 κρίσει.
1626 1964 1705 2009 quis

893 2011 1029 2046 dubitet
1061 2025 1135 2047 eum
1171 2014 1297 2057 legisse
1340 2011 1390 2053 ὡς
1423 2010 1515 2056 παρ’
1557 2010 1706 2055 ἔμοιγε.)

892 2069 981 2091 nunc
1014 2066 1046 2092 t.
1053 2071 1126 2093 men
1159 2059 1278 2093 lemma
1312 2060 1416 2093 habet
1440 2060 1606 2102 vulgata,
1645 2066 1707 2091 cu-

887 2105 1035 2160 jusmodi
1059 2105 1189 2140 mendis
1221 2111 1358 2139 scatent
1389 2105 1530 2139 scholia.
1568 2102 1706 2162 permi-

890 2151 981 2183 sceri
1014 2152 1105 2185 inter
1127 2164 1166 2186 se
1198 2152 1312 2186 solere
1334 2165 1404 2195 γαρ
1429 2156 1464 2185 et
1486 2148 1598 2192 παρ’,
1629 2153 1704 2183 tra-

891 2196 1040 2231 laticium
1065 2203 1137 2232 est.
1170 2210 1204 2230 v.
1229 2210 1307 2234 ann.
1335 2199 1379 2231 ad
1414 2197 1572 2241 Aeschyl.
1601 2196 1699 2229 Eum.

889 2243 976 2284 386,
1019 2244 1140 2289 Ευιὶρ.
1176 2244 1284 2278 Herc.
1327 2245 1398 2279 tur.
1434 2245 1525 2279 1128
1567 2247 1632 2277 etc.
1655 2261 1702 2267 —

890 2287 1141 2333 ἡμάρτανε
1184 2290 1386 2333 δώρων,
1436 2290 1528 2334 deliq
1532 2290 1581 2323 uit
1613 2289 1703 2333 quod

889 2338 1016 2369 attinet
1050 2338 1099 2370 αιὶ
1133 2348 1302 2375 munera,
1344 2336 1409 2370 diis
1455 2336 1609 2370 ferenda.
1657 2334 1701 2368 de

888 2381 954 2416 hoc
974 2384 1127 2427 genitivo
1167 2395 1199 2416 v.
1297 2383 1379 2425 409,
1406 2381 1451 2426 ν’,
1479 2383 1549 2418 310
1577 2387 1643 2415 etc.

933 2429 989 2469 69,
1015 2430 1071 2464 70.
1121 2427 1164 2471 δ’,
1189 2396 1250 2464 48η
1271 2429 1329 2464 49.

932 2476 1098 2511 71—76.
1148 2475 1344 2518 κλέψαι,
1378 2473 1421 2509 τὸ
1444 2473 1597 2515 κλέψαι,
1630 2470 1699 2513 τήν

885 2521 1039 2565 κλοπήτ.
1070 2521 1114 2555 de
1137 2522 1203 2556 hoc
1228 2533 1289 2555 usu
1313 2521 1476 2555 infinitivi
1501 2531 1534 2553 v.
1561 2518 1599 2559 ε’,
1615 2519 1696 2560 253,

886 2566 946 2608 φ’,
982 2571 1060 2602 101.
1090 2587 1136 2593 -
1184 2565 1302 2603 ου’δέ
1334 2581 1392 2610 πη
1425 2585 1470 2590 ——
1507 2564 1695 2608 θρασυν

871 2613 1091 2658 “Europen
1128 2615 1246 2657 inepte
1275 2613 1329 2646 hic
1353 2612 1486 2656 quidtm
1511 2610 1694 2654 (namlon—

883 2672 927 2704 ge
952 2660 1019 2694 alia
1054 2661 1143 2694 ratio
1176 2666 1230 2694 est
1265 2669 1386 2692 versus
1419 2658 1519 2700 786.)
1563 2657 1693 2691 Hector

883 2713 1035 2740 mortuus
1074 2711 1221 2739 vocetur
1258 2703 1414 2748 θρασύς.
1470 2702 1559 2749 quod
1583 2702 1693 2736 sensit

881 2753 999 2787 Schol.
1025 2752 1112 2786 Vict.
1137 2764 1289 2795 αμεινον
1314 2749 1354 2786 δε
1376 2748 1543 2802 γράφειν,
1566 2749 1690 2794 inquit,

878 2797 988 2833 νέκυν
1011 2797 1182 2838 ’.Ἐκτορα
1232 2804 1287 2838 at,
1320 2810 1339 2832 ο
1364 2797 1474 2836 bone,
1506 2795 1555 2828 ita
1580 2795 1688 2829 cuivis

879 2845 1018 2888 quidvis
1042 2844 1232 2879 substituas
1255 2849 1371 2877 contra
1390 2843 1494 2900 ’,ᾗιὶεω
1512 2842 1685 2875 librorum.

877 2889 943 2924 imo
975 2891 1025 2924 sic
1058 2890 1266 2924 scribamus:
1315 2909 1353 2915 -—
1382 2887 1555 2931 ἐάσομεν,
1599 2884 1687 2922 οὐδέ

875 2935 928 2980 πή
952 2936 1027 2972 ἐστι
1048 2934 1171 2978 λάθρη
1192 2935 1369 2981 Ἀχιλλῆος
1390 2933 1539 2976 θρασὺ,
1554 2929 1685 2969 Εκτο-

875 2996 933 3029 ρα
980 2984 1089 3029 Soph.
1113 2982 1202 3017 Phil.
1242 2982 1339 3018 106.·
1372 2980 1442 3018 οιίι
1469 2978 1532 3026 ἄρ’
1559 2978 1685 3028 ἐκείνῳ
