1847 3277
145 572 246 606 trocli
266 572 453 606 interitum.

23 1159 121 1204 ἦας,
155 1160 325 1204 aurigas,
359 1172 426 1206 quo
457 1161 592 1194 nomine
627 1164 662 1194 et
687 1173 823 1203 παραι-

23 1205 128 1249 ’ἄτην
158 1206 348 1251 significari
382 1219 617 1252 nonnunquam
653 1218 715 1251 per
742 1219 823 1251 syn-

23 1252 182 1286 cdochen
190 1236 232 1285 :E
251 1254 451 1296 annotavit3
475 1265 541 1287 nun
554 1254 634 1288 item
653 1253 824 1297 ἡνιοχῆα,

23 1310 108 1343 [uem
138 1300 422 1335 Automedontem
462 1302 577 1345 potius
612 1300 825 1344 intelligere-

0 1357 81 1381 ‚nus
107 1357 247 1378 necesse
274 1353 377 1380 esset.
421 1352 494 1379 tum
527 1358 567 1380 eo
601 1358 738 1392 quoque
762 1358 825 1380 no-

0 1430 2 1440 ·
22 1391 97 1424 nine
122 1391 316 1434 elegantius
340 1398 394 1427 est
417 1390 618 1437 ἡνιοχῆας,
643 1393 734 1436 quod
759 1393 825 1425 tol-

23 1437 49 1470 it
68 1438 295 1494 χασμωδίαν,
319 1451 409 1484 quae
428 1439 517 1472 inest
536 1441 570 1472 in
589 1440 704 1472 verbis
722 1452 767 1484 ⁷7²
771 1452 824 1473 ιο-

22 1485 80 1527 ἦα
106 1481 194 1525 au),
221 1496 329 1529 pausa
353 1485 558 1519 brevissima
581 1486 614 1518 in
640 1486 707 1519 fine
731 1485 822 1529 prio-

22 1532 58 1564 is
82 1531 200 1563 horum
228 1543 388 1565 versuum
409 1538 551 1576 propter
568 1532 690 1565 nullam
715 1532 823 1564 inter-

22 1577 241 1611 >unctionem
269 1589 376 1622 quare
387 1579 545 1622 equidem
558 1578 668 1611 nullus
688 1578 820 1620 dubito,

22 1624 91 1667 {uin
112 1621 268 1667 ἡνιοχῆα
285 1626 392 1658 verbo
412 1624 588 1669 ήνιοχῆας
609 1625 821 1669 adscriptum

20 1669 56 1702 .it
79 1670 329 1714 interpretandi
350 1672 484 1715 gratia,
511 1683 577 1704 non
602 1677 734 1711 contra,
758 1682 823 1715 pu-

20 1726 133 1759 oque,
166 1716 278 1758 illum,
314 1718 372 1762 qui
402 1717 609 1762 adscripsit,
647 1717 682 1749 id
708 1723 745 1750 ut
768 1717 823 1750 fa-

20 1767 106 1794 :eret
136 1762 320 1796 adductum
353 1775 430 1797 esse
472 1765 578 1798 verbo
612 1763 822 1806 τεθνηῶτα,

20 1819 84 1840 :um
107 1819 174 1841 non
192 1809 413 1852 intelligeret,
439 1811 614 1850 Achillem,
641 1817 821 1854 postquam

19 1854 220 1897 generaliter
243 1855 332 1888 dixit
356 1856 399 1888 de
421 1856 574 1896 aurigis,
596 1857 666 1899 jam
691 1858 744 1889 sui
770 1857 822 1888 in-

19 1899 128 1933 )rimis
162 1912 340 1934 memorem
381 1902 513 1935 hortari
547 1913 676 1946 equos,
718 1914 760 1935 ne
783 1913 822 1935 se

19 1947 172 1981 ieserant
209 1952 398 1989 mortuum,
448 1956 486 1981 ut
525 1949 630 1981 Patro
636 1949 730 1981 c.lum
776 1968 820 1973 -

25 1990 218 2034 ,ἄλλ-ως,
253 1994 356 2027 aliter
388 2006 485 2038 quam
511 2002 600 2027 ante.
626 2014 664 2019 —-
712 1993 822 2039 φρά-

18 2041 159 2081 ;.εσθε
183 2042 435 2083 φροντίζεσθε,
458 2046 587 2079 curate,
609 2046 657 2074 ut.
662 2043 686 2059 “
709 2038 819 2075 RH.

59 2098 128 2131 402
177 2096 278 2132 ἐπεί
308 2097 347 2131 κ’
383 2111 520 2142 εομεν
545 2102 644 2133 πολ
713 2098 820 2140 ἔσμεν

17 2154 74 2187 pro
97 2142 266 2199 ἕωμεν,
291 2145 334 2177 ab
360 2143 437 2186 ἄω,
473 2146 582 2185 satio,
618 2145 708 2179 unde
733 2145 820 2189 ἅμε-

36 2202 75 2222 αι
98 2195 134 2222 et
156 2201 244 2224 ασαι
266 2190 385 2233 χροός.
429 2192 677 2225 commendavit
708 2191 823 2235 ἕωμεν

43 2239 236 2270 uttmannus
261 2237 370 2273 Lexil.
384 2238 429 2278 11,
453 2250 489 2283 p.
514 2240 580 2274 130
599 2257 631 2262 ·—
647 2240 737 2280 132,
763 2252 823 2273 ne-

17 2293 81 2326 que
104 2282 170 2316 alio
195 2289 329 2327 spectat
351 2284 592 2329 interpretatio
609 2284 823 2320 Scholiasta-

33 2334 131 2361 umet
152 2328 486 2374 glossographorum,
512 2341 553 2363 ex
573 2331 695 2374 quibus
717 2334 821 2365 Pseu-

39 2373 236 2418 odidymus:
266 2375 392 2420 ἐπειδὴ
416 2377 665 2419 κορεσθῶμεν,
690 2379 722 2411 Ε
746 2378 822 2411 alii-

39 2431 81 2453 ue
99 2420 257 2454 similiter
275 2424 544 2466 πληρωθώμεν,
570 2426 819 2468 κορεσθωμεν.

39 2465 135 2519 ulgo:
160 2464 293 2509 ἐῶμεν
320 2479 410 2512 quae
434 2480 502 2502 *ox
527 2469 606 2513 quid
634 2470 701 2503 sibi
725 2470 821 2511 velit,

32 2511 84 2545 cio
118 2524 192 2546 cum
224 2513 474 2558 ignavissimis,
510 2526 574 2548 nec
607 2517 718 2550 malim
743 2515 823 2552 ἐπεί

39 2556 49 2570 ’
73 2556 200 2602 ἕωμεν,
227 2561 271 2593 ab
297 2560 398 2605 ῖημι,
424 2573 485 2606 pro
511 2560 687 2604 οἷνέωμεν,
715 2565 821 2597 desti-

27 2605 152 2638 erimus
184 2617 207 2638 α
240 2607 346 2645 bello
389 2608 481 2650 quod
516 2619 558 2641 ne
582 2608 647 2653 ipsi
685 2610 820 2664 quidem

41 2656 217 2686 uttmanno
243 2664 352 2697 aeque
377 2653 516 2698 placuit.
552 2657 640 2698 quod
662 2655 741 2689 dedi
763 2656 820 2690 ἔο-

19 2707 95 2735 ιεν,
118 2697 300 2733 Eustathio
322 2706 463 2733 auctore
484 2699 573 2740 feci,
598 2701 654 2745 qui
680 2703 750 2735 sic:
777 2701 819 2737 τὸ

35 2741 50 2777 ὲ
85 2741 225 2786 ἔσμεν
264 2743 451 2790 γράφεται
481 2745 638 2790 μάλιστα
673 2747 820 2792 ἐῶμεν

30 2796 76 2822 tc-

57 2845 178 2879 404—
190 2845 269 2880 406.
303 2847 425 2890 „find
453 2848 636 2893 ζυγόφι.
661 2848 734 2886 υπὸ
759 2853 820 2894 ζυ-

34 2891 79 2926 οῦ
104 2904 177 2931 ων,
201 2898 242 2924 ut
266 2901 341 2928 erat
360 2896 444 2939 jugo
468 2896 646 2940 subditus,
682 2895 820 2940 ὑποζύ-

33 2949 106 2978 ιος,
147 2934 302 2985 ὑποζευχ
305 2943 416 2981 &sing
408 2945 431 2959 ‘⁶
467 2942 520 2975 [ἅτ
544 2944 590 2976 H.
624 2961 669 2969 —-
717 2946 817 2978 Sch.:

45 2983 194 3024 ἰόλος.
224 2984 287 3028 (δ’,
310 2989 404 3031 186.)
429 2985 511 3023 ἀντὶ
536 2990 607 3024 τοῦ
629 2989 752 3034 ταχύς.
774 3008 818 3016 -—

16 3026 154 3073 ’μυσε
178 3029 254 3075 (β’,
277 3011 378 3077 348.)
402 3034 629 3079 καρήατι,
656 3037 686 3069 11.
709 3048 739 3071 e.
766 3037 820 3077 εἰς

567 179 1111 221 ΙΛΙΑΔΟΣΤ.
1595 187 1679 228 115

182 286 245 338 ἄψ
275 290 470 330 Δαναων
498 286 541 337 ἐς
570 285 749 342 ομιλον,
781 288 875 331 ἐπεί
901 286 945 330 κ’
981 288 1110 341 ἔσμεν
1137 288 1371 343 πολέμοιο,

181 341 310 400 μηδ’,
342 342 400 395 ὠς
430 343 715 399 Πάτροκλον,
751 342 887 389 λίπετ’
919 343 1059 389 αυτοῦ
1088 349 1376 402 τεθνηῶταμ(

234 433 289 467 cui
310 434 499 479 respondet
519 446 627 479 equus
651 434 823 476 Xanthus,
846 445 930 468 voce
951 439 1020 469 tum
1047 434 1225 479 praeditus
1252 436 1295 469 ab
1319 436 1464 478 Junone,
1489 438 1680 475 rediturum

149 480 286 525 quidem
309 491 386 513 esse
419 491 494 513 eum
527 491 569 514 ex
602 481 668 514 hac
700 492 839 525 pugna,

149 526 215 559 lem
247 538 267 559 a
298 526 451 559 manibus
474 526 530 559 dei
555 532 659 572 atque
691 526 854 568 hominis3
891 538 956 560 uec
986 527 1054 561 sibi
1078 531 1115 561 et
1136 527 1236 562 Balio
1257 527 1495 572 imputandum
1517 542 1591 566 esse
1613 533 1681 568 Pa-

872 480 934 514 sed
965 480 1095 515 instare
1127 485 1242 514 tamen
1269 486 1306 515 et
1329 481 1397 526 ipsi
1423 490 1564 518 mortem
1590 487 1681 520 fata-

264 649 353 692 Tdv
384 648 428 694 6’
464 649 540 704 ἄρ’
570 649 660 693 ὑπὸ
693 648 853 705 ζυγόφι
881 649 1080 719 προσέφη
1109 649 1252 701 πόδας
1282 651 1431 704 αἰόλος
1463 654 1597 707 ἵππος

70 710 152 752 405
183 705 384 757 Ξάνθος,
419 705 542 763 ἄφαρ
574 706 618 749 6'
649 706 792 777 ἤμυσε
820 706 1029 761 καρήατι·
1063 711 1183 750 πᾶσα
1213 708 1260 751 δὲ
1287 710 1441 766 χαίτη,

183 762 358 834 ζεύγλης
389 763 647 816 ἐξεριποῦσα
677 763 796 832 παρὰ
827 765 986 818 ζυγὸν,
1018 758 1196 815 οὖδας
1184 765 1358 809 ι’·κανεν

183 819 402 876 αὐδήεντα
433 819 479 863 δ’
511 821 641 876 ἔθηκε
669 820 753 865 θεοὶ
783 819 1050 871 λευκώλενος
1068 819 1209 878 ‘'Hon-

259 910 286 929 ‚‚
305 877 394 920 Καὶ
423 880 526 948 λίην
554 877 594 921 σ’
626 878 687 922 ε’τι
716 881 801 921 νῦν
828 894 875 932 γε
909 876 1161 949 σαώσομεν,
1191 876 1336 933 ὄβριμ’
1363 875 1579 949 Ἀχιλλεῦ,

183 933 294 977 α’λλά
324 951 392 977 τοι
422 933 609 1004 ἐγγύθεν
642 936 772 1004 ἦμαρ
790 933 1020 988 ὀλέθριον·
1052 932 1160 978 ουδέ
1191 952 1262 978 τοι
1290 935 1412 1005 ἡμεῖς

67 991 151 1036 410
183 992 336 1042 αἴτιοι,
367 991 477 1036 αλλὰ
507 990 614 1043 θεός
643 1008 688 1036 τε
721 991 856 1047 μέγας
886 992 961 1034 καὶ
990 994 1148 1044 Μοῖρα
1175 991 1373 1050 κραταιή.

180 1046 285 1091 οὐδὲ
313 1048 398 1104 γὰρ
429 1047 613 1105 ημετέρῃ
644 1050 884 1104 βραδυτῆτί
911 1064 957 1091 τε
987 1051 1170 1105 νωχελίῃ
1201 1065 1246 1092 τε

866 1157 1032 1204 κὰρηαρ,
1055 1159 1151 1194 velut
1171 1162 1325 1196 {incubuit
1348 1163 1384 1196 in
1405 1167 1523 1205 capnt,
1546 1163 1685 1198 demisit

871 1216 979 1261 caput
998 1219 1163 1241 moerore.
1200 1219 1233 1242 v,
1258 1209 1303 1242 H.
1324 1228 1370 1234 —
1408 1207 1616 1254 ζεύγλης
1638 1229 1685 1236 --

869 1251 1021 1297 ζυγόν.
1048 1252 1100 1295 ρ’,
1124 1255 1205 1289 440.

916 1310 994 1346 407.
1038 1311 1218 1354 conjuncte
1241 1321 1348 1355 agere
1382 1310 1528 1345 solent’
1517 1322 1552 1345 m
1576 1312 1686 1347 Iliade

869 1355 959 1390 Juno
995 1362 1032 1390 et
1056 1358 1233 1390 Minerva:
1266 1357 1385 1401 itaque
1416 1362 1452 1390 et
1484 1357 1542 1392 hic
1575 1359 1686 1394 altera

869 1402 983 1436 reficit
1009 1403 1173 1437 Achillem
1203 1402 1373 1437 ambrosia
1395 1408 1432 1436 et
1446 1406 1599 1445 nectare,
1633 1406 1686 1439 al—

869 1454 946 1482 tera
969 1449 1064 1494 loqui
1088 1450 1174 1483 facit
1198 1450 1269 1493 ejus
1295 1460 1439 1494 equum,
1468 1461 1535 1496 quo
1559 1450 1686 1495 injuste

870 1501 1051 1531 accusatus
1083 1506 1121 1528 se
1145 1495 1320 1531 defendat.
1357 1495 1460 1540 plena
1488 1501 1567 1531 suut
1592 1498 1685 1541 ejus-

868 1544 958 1575 modi
980 1541 1214 1595 prodigiorum
1233 1541 1365 1585 scripta
1379 1547 1544 1583 veterum,
1566 1555 1686 1588 quem-

867 1591 1049 1620 admocum
1085 1587 1207 1621 Phrixi
1250 1587 1393 1622 arietem
1425 1568 1574 1624 locuuim
1608 1603 1686 1626 esse

868 1634 1084 1678 accepimus,
1117 1646 1182 1667 nec
1204 1634 1308 1667 semel
1342 1644 1399 1680 ap.
1425 1633 1597 1669 Romanos
1624 1638 1685 1671 bo-

868 1691 964 1720 vem3
990 1691 1078 1725 quae
1101 1679 1179 1714 fieri
1203 1692 1327 1725 posse,
1351 1692 1415 1714 nec
1434 1682 1602 1727 Aegyptii
1621 1682 1685 1717 du-

867 1726 1046 1767 bitabant,
1085 1731 1176 1760 teste
1208 1728 1351 1761 Aeliano
1381 1728 1426 1764 H.
1459 1731 1524 1761 An.
1561 1730 1623 1766 12
1649 1731 1685 1765 3-

867 1772 1047 1805 Hebraeus
1071 1772 1151 1806 item
1175 1773 1326 1818 scriptor
1348 1773 1490 1807 Numer.
1514 1775 1580 1816 22,
1602 1776 1682 1811 28..

869 1821 1008 1861 aperuit
1033 1820 1185 1860 Jehova,
1211 1819 1340 1863 inquit,
1367 1831 1404 1853 os
1428 1822 1571 1861 asinae5
1595 1834 1686 1866 quae

868 1865 957 1898 dixit
981 1865 1164 1898 Bilhamos
1194 1868 1278 1909 qnid
1294 1867 1371 1907 feci
1393 1867 1467 1907 tibi,
1491 1868 1582 1910 quod
1599 1880 1685 1912 pcr-

868 1912 1005 1944 cussisti
1030 1923 1082 1944 me
1098 1913 1177 1954 jam
1203 1912 1287 1945 ter?
1310 1912 1464 1956 pertinet
1483 1913 1550 1946 huc
1573 1915 1685 1949 serior

868 1957 1042 2000 aliquanto
1068 1958 1258 1991 fabularum
1289 1969 1385 1998 usu5‚
1419 1958 1453 1992 in
1479 1960 1605 2004 quibus
1628 1961 1684 1995 lo-

867 2010 1019 2048 quuntur
1038 2005 1161 2044 bruta3
1185 2004 1307 2049 dequo
1321 2016 1382 2038 usu
1395 2004 1511 2039 Schol.
1526 2006 1683 2044 Ἱ“οννιιΙ.ε

865 2051 1012 2091 πρῶτος
1060 2047 1099 2084 δὲ
1134 2048 1309 2095 “Ὀμηρος
1341 2052 1457 2086 τοῦτο
1499 2051 1684 2111 ἐποίησεν,

860 2093 1034 2136 Ἠσίοδος
1066 2094 1107 2131 δὲ
1141 2098 1207 2140 (Ο.
1242 2104 1279 2131 et
1316 2097 1355 2130 D.
1373 2099 1480 2154 203.)
1523 2099 1581 2134 ἐπὶ
1614 2104 1685 2137 τοῦ

869 2141 1032 2186 ιέρακος,
1064 2141 1259 2187 Ἀρχίλοχος
1292 2141 1332 2178 δὲ
1365 2142 1426 2179 ἐπὶ
1457 2145 1525 2180 τοῦ
1551 2146 1684 2185 ἀετοῦ·

868 2190 931 2224 καὶ
955 2190 1123 2230 Αἴσωπος
1146 2188 1302 2232 ὕστερον
1324 2192 1586 2237 κατεχρήσατο.
1622 2207 1684 2230 ce-

868 2241 979 2270 terum
1005 2236 1112 2270 minus
1138 2236 1293 2270 mirabile
1317 2242 1391 2279 est,
1430 2249 1516 2273 voce
1537 2241 1684 2277 humana

868 2282 966 2327 loqui
991 2294 1113 2327 equum
1149 2283 1285 2316 minime
1309 2283 1509 2328 vulgarem,
1543 2287 1604 2320 sed
1630 2288 1684 2322 di-

867 2329 970 2363 vinae
995 2338 1172 2373 parentum
1209 2326 1263 2372 (π
1277 2354 1288 2370 ,
1311 2331 1390 2365 150.
1432 2331 1478 2365 cf.
1500 2329 1556 2387 β,
1581 2335 1682 2387 770)

867 2379 1015 2409 naturae
1040 2376 1253 2430 participem.
1275 2394 1320 2400 —
1353 2376 1456 2410 Scin:
1483 2375 1604 2424 αυδη
1617 2392 1682 2415 εν-

867 2434 934 2456 τα.
985 2424 1092 2466 φωνῇ
1135 2419 1309 2467 ἐνάρθρφ
1351 2421 1550 2466 χρώμενον.
1599 2426 1681 2467 „sic

867 2468 970 2501 etiam
996 2468 1109 2502 Schol.
1146 2469 1196 2509 B,
1235 2474 1272 2502 et
1293 2476 1410 2510 recte,
1443 2470 1612 2515 siquidem
1635 2477 1680 2526 'et

867 2513 1027 2547 animalia
1047 2515 1176 2547 habent
1192 2511 1335 2558 φωνὴν,
1358 2527 1422 2549 non
1443 2516 1523 2550 item
1545 2516 1644 2563 αὐδή
1646 2532 1680 2552 ν.

866 2561 1148 2605 quemadmodum
1172 2561 1300 2605 OdJffss
1326 2559 1377 2600 κ’,
1404 2564 1481 2596 136.
1511 2564 1590 2607 ipsa
1615 2565 1679 2600 dea

867 2609 970 2640 Circe
995 2614 1141 2640 vocatur
1165 2607 1258 2647 θεὸς
1283 2606 1493 2651 αὐδήεσσα,
1527 2616 1565 2642 ut
1590 2621 1679 2654 quae

866 2664 951 2686 voce
983 2653 1129 2686 humana
1161 2653 1385 2698 loqueretur,
1418 2666 1485 2688 non
1518 2654 1582 2689 διὰ
1615 2668 1679 2701 ση-

865 2701 991 2741 μείων,
1017 2699 1160 2734 οἰωνῶν
1179 2700 1240 2735 καὶ
1261 2701 1414 2743 ὶερειᾞων
1435 2701 1495 2735 καὶ
1516 2704 1676 2744 θυσιων,

865 2758 928 2779 και
961 2743 1016 2780 δι’
1050 2744 1205 2791 ὀνειρων
1237 2747 1300 2782 καὶ
1331 2745 1521 2791 ἐφετμῶν,
1555 2753 1592 2781 ut
1627 2749 1678 2783 ait

863 2791 979 2825 Schol.
1007 2791 1050 2827 B-

912 2847 1130 2885 411—417.
1164 2848 1264 2882 Sch.·
1288 2851 1496 2894 νωχελίῃ.
1531 2848 1673 2895 βραδύ-

865 2908 958 2940 τητι,
979 2893 1164 2941 ἆσθειείᾳ.
1188 2894 1361 2948 (similiter
1377 2895 1525 2959 Hesyffch
1540 2897 1673 2941 EtJm..

865 2941 1034 2986 νωχελὴς,
1059 2931 1254 2982 ὁνωθρὸς,
1279 2954 1309 2974 κ.
1335 2937 1507 2997 ἀσθενής,
1532 2955 1563 2975 κ.
1588 2946 1675 2977 ἄυσ-

864 2990 1035 3033 κίνητος,
1070 2985 1228 3031 νωκελίς
1253 2999 1307 3026 τις
1339 2983 1403 3027 ω’,ν
1442 2987 1461 3024 ὁ
1486 2987 1674 3044 ἐστερημέ

863 3048 928 3077 νος
950 3036 1018 3070 τοῦ
1043 3034 1191 3071 κέλλειν.
1227 3033 1363 3068 κέλλειν
1388 3012 1429 3070 6s'
1451 3045 1527 3071 εστι
1549 3033 1590 3070 τό
1609 3049 1673 3071 τα-

1318 3088 1397 3132 Βὲὲ
