1847 3277
361 277 443 336 „³21
473 283 621 331 δειλω,
649 284 689 326 τί
720 286 838 338 σφωϊ
867 281 1001 351 δόμεν
1029 284 1176 350 Πηλῆϊ
1203 279 1354 324 α’νακτι

283 344 458 411 θνητῷ,
489 339 611 409 ὑμεῖς
643 338 683 382 6'
716 339 842 382 ἐστὸν
860 337 1019 408 ἀγήρω
1049 338 1106 385 τ’,

170 400 253 442 445
282 415 308 452 η
340 399 412 439 ἰ’να
442 374 697 465 δυστήνοισι
726 395 810 450 μετ’
844 394 1059 448 ἀνδράσιν
1088 392 1200 450 ἄλγε’
1230 394 1404 461 ἔχητον,

282 453 335 496 ού
367 471 446 509 μεν
473 451 557 524 γάρ
588 454 628 495 τί
657 451 744 494 πού
774 451 890 505 ἐστιν
919 451 1210 505 ὀϊζυρώτερον
1240 449 1405 520 ἀνδρὸς

278 509 475 561 πάντων,
508 509 617 552 ὅσσα
647 524 690 550 τε
718 513 849 562 γαῖαν
878 507 946 550 ἔπι
973 511 1110 550 πνείει
1139 524 1183 550 τε
1212 508 1286 550 καὶ
1316 507 1449 562 ε’.ρπει

280 565 367 609 ἀλλ’
400 566 453 609 οὐ
487 567 573 619 μὰν
601 565 708 617 ὑμῖν
736 581 783 618 γε
813 565 889 606 καὶ
917 563 1081 619 ἅρμασι
1110 565 1404 608 δαιδαλέοισιν

268 623 438 682 ’Έκτωρ
473 622 719 689 Πριαμίδης
748 620 1022 690 ἐποχήσεται·
1056 620 1110 664 ου’
1138 638 1223 676 γαρ
1255 620 1379 663 ἐάσω

281 698 307 736 η
340 678 418 734 οὐχ
449 678 563 728 ἅλις,
594 694 653 727 ως
683 677 756 720 καὶ
785 676 916 732 τεύχε’
948 677 1051 747 ἔχει,
1086 679 1158 720 καὶ
1194 676 1412 731 ἐπεύχεται
1445 678 1608 731 αὔτως,

280 740 425 791 σφῶϊν
455 732 498 777 δ’
533 734 579 777 έν
608 733 820 788 γούνασσι
846 737 967 802 βαλῶ
998 734 1130 789 μένος
1159 732 1234 790 ἠδ’
1265 734 1328 776 ἐνὶ
1357 738 1508 791 θυμῷ,

280 793 399 847 ὄφρα
428 791 501 833 καὶ
532 789 839 844 Αὐτομέδοντα
870 789 1090 834 σαώσετον
1121 792 1167 834 ἐκ
1197 791 1405 845 πολέμοιο

278 855 389 905 νῆας
419 849 488 891 ἔπι
516 846 772 902 γλαφυράς·
805 846 865 890 ἔτι
894 845 978 901 γάρ
1011 859 1134 902 σφισι
1164 849 1299 897 κῦδος
1329 847 1493 901 ὀρέξω,

278 908 484 975 κτείνειν,
518 903 658 947 εἰσόκε
688 909 797 974 νῆας
826 904 1092 959 ἐϋσσέλμους
1121 903 1391 958 αφίκωνται,

167 965 250 1008 455
283 961 369 1033 δύη
399 961 433 1004 τ’
462 958 624 1016 ἠέλιος,
655 961 729 1003 καὶ
759 960 826 1003 ἐπὶ
859 961 1023 1015 κνέφας
1054 960 1174 1014 ιερὸν
1191 961 1356 1031 ἔλθῃ.ι

347 1019 431 1069 Ὣς
462 1017 596 1060 εἰπών
626 1018 824 1060 ἵπποισιν
854 1017 1111 1061 ἐνέπνευσεν
1149 1017 1281 1072 μένος
1311 1016 1382 1072 ἠΰ.

473 1074 557 1118 ἀπὸ
590 1091 782 1129 χαιταων
812 1076 967 1130 κονίην
999 1070 1190 1118 οὖδάσδε
1220 1074 1424 1146 βαλόντε,

282 1130 401 1189 ῥίμφ’
436 1131 597 1188 ἔφερον
625 1130 742 1174 θοὸν
772 1130 890 1187 ἅρμα
920 1148 1025 1199 μετα
1062 1135 1217 1187 Τρῶας
1245 1132 1318 1175 καὶ
1345 1130 1558 1188 Ἀχαιούς.

167 683 250 726 450

281 1074 441 1128 τώδ’,

111 1270 198 1303 que,
224 1258 268 1292 ab
292 1262 438 1302 utraque
465 1262 582 1302 parte,
608 1257 644 1290 in
669 1261 852 1302 utrumque
869 1257 919 1291 la·

111 1310 166 1339 tus
192 1304 290 1349 equi,
313 1315 466 1337 excussa.
491 1304 576 1337 ‘Ex
600 1304 646 1337 H.

157 1352 238 1391 443,
261 1350 340 1385 444.
374 1345 570 1385 α’δειλώ.
595 1352 685 1389 201,
711 1346 751 1389 λ’,
773 1349 854 1390 815,
881 1346 920 1391 ε’,

110 1397 180 1432 574
201 1404 266 1430 etc.
285 1416 331 1421 ——
370 1397 473 1429 Seli-2
506 1393 534 1429 ὦ
561 1374 767 1430 δειλότατοι
791 1408 824 1428 κ.
847 1392 920 1428 ἐλε-

111 1443 306 1478 εινότατοι.
329 1461 369 1466 -
402 1440 571 1486 δόμεν,
597 1443 753 1475 dedimus
774 1451 834 1474 nos
859 1440 918 1473 dii.

111 1490 251 1535 proprie
284 1456 490 1543 Neptunusu
496 1488 603 1545 Peleo⁵
633 1488 823 1521 donaverat
858 1488 920 1520 hos

109 1547 238 1591 equos.
263 1547 297 1569 v.
322 1535 372 1575 π’,
399 1536 474 1568 148.
500 1554 544 1559 —
582 1531 818 1579 oiyyjqcoz',
843 1530 919 1568 026.

108 1595 163 1617 τε.
195 1579 251 1625 μ’,
274 1582 366 1622 323,
388 1579 444 1625 β’,
468 1579 547 1616 447.

153 1628 242 1669 446,
268 1629 300 1662 7.
344 1638 462 1661 versus
487 1627 611 1672 passim
635 1624 765 1659 laudati
788 1625 832 1658 de
856 1625 918 1659 mi-

108 1686 187 1709 sera
211 1673 408 1708 conditione
431 1674 569 1718 generis
591 1672 737 1708 humani.
772 1672 917 1706 v.P1ut.

107 1722 167 1755 lib.
199 1720 243 1754 de
277 1731 391 1753 amore
425 1720 530 1764 prolis
564 1732 597 1765 p.
634 1720 703 1752 496
735 1719 783 1759 Β,
818 1719 918 1751 Stob.

107 1779 209 1802 serm.
235 1768 290 1801 96
325 1777 357 1809 p.
381 1767 450 1800 532
477 1773 544 1799 etc.
586 1765 735 1809 scriptor
764 1765 918 1805 Axiochi,

107 1813 197 1846 Plat.
222 1812 414 1847 Tauc'uniz.
440 1813 472 1845 8.
509 1823 540 1856 p.
566 1814 665 1846 20οΛ
687 1809 850 1869 Ημακρόν
874 1808 921 1845 ἂν

107 1859 164 1914 εἴη
190 1859 364 1901 διεξιέναι
386 1871 432 1892 τα
457 1860 531 1893 τῶν
559 1855 815 1914 ποιητῶν,οἰ
837 1870 922 1892 ποι-

109 1903 223 1950 ήμασι
246 1903 454 1948 θειοτέροις
478 1903 525 1938 τὰ
554 1918 632 1947 περι
659 1902 723 1938 τὸν
748 1904 831 1949 βίον
856 1905 922 1939 θε-

107 1953 360 1992 σπιωδοῦσιν,
395 1949 444 1991 ὡς
468 1951 740 1994 κατοδύρονται
764 1950 804 1985 2¹6
833 1951 921 1996 ζῆν·

108 1997 192 2039 ενὸς
215 1997 254 2033 δε
279 1997 398 2041 μόνου
422 1997 702 2042 μνησθήσομαι,
731 1999 800 2031 τοῦ
823 1997 923 2052 αξιο-

108 2044 338 2088 λογωτάτου,
376 2043 543 2088 λέγοντος
577 2043 643 2088 (ω’
655 2070 664 2086 ,
693 2044 771 2078 525.
780 2045 821 2087 ),
864 2056 924 2085 ως

108 2093 198 2136 γάρ
225 2090 549 2126 ἐπεκλώσαντο
570 2091 679 2126 θεοὶ
705 2091 917 2125 δειλοῖσι

108 2139 357 2194 βροτοῖσι,
418 2136 563 2174 Ζιόειν
612 2135 918 2181 αχννμένοις.

108 2180 264 2228 καὶ,ου
292 2183 376 2227 μὲν
399 2182 487 2228 γάρ
513 2186 558 2219 τί
582 2197 669 2220 που
703 2206 743 2209 -
772 2183 920 2226 ε’ρπει.

109 2230 174 2267 τὸν
199 2229 238 2265 δ’
263 2229 487 2286 Ἀμφιάραον
507 2233 544 2266 τί
565 2242 676 2275 φησις
703 2231 849 2277 (Odyss.
876 2229 919 2272 ο’,

109 2278 209 2333 245.)
243 2275 323 2312 τὸν
355 2291 405 2313 πε
391 2291 462 2322 ερι
493 2280 602 2323 κῆρι
636 2280 770 2320 φίλει
807 2275 922 2317 Ζεύς

109 2337 130 2358 τ
181 2325 404 2368 αἰγίοχος
437 2324 513 2359 καὶ
544 2323 770 2360 Ἀπόλλων
804 2327 920 2359 Παν-

109 2371 220 2416 τοίῃ
258 2368 500 2427 φιλότητ’,
531 2370 629 2406 ουδ’
675 2372 804 2407 ι’κετο
843 2367 920 2414 γή-

109 2430 221 2461 ραος
245 2415 401 2452 οὐδόν.
425 2415 444 2452 ὁ
467 2415 506 2451 δὲ
526 2416 684 2453 κελεύων
707 2417 790 2453 τὸν
811 2415 921 2462 φύν-

108 2477 162 2498 τα
186 2466 393 2507 θρηνεῖν
428 2464 498 2502 εἰς
531 2460 604 2499 ὅσ’
631 2464 820 2509 ἔρχεται
848 2476 922 2498 κα-

107 2508 161 2546 κά
194 2509 346 2554 (Eurip.
375 2509 594 2554 Cresphonte
619 2512 740 2555 fragm.
769 2513 798 2545 1.
810 2511 849 2554 )‚
885 2510 921 2544 τί

109 2557 169 2590 σοί
187 2556 383 2598 φαίνεται,·
403 2576 447 2580 —
465 2561 644 2600 praetcrea
657 2557 823 2591 Montbel
839 2568 922 2590 con-

108 2602 194 2637 ferri
215 2601 320 2645 jussit.
343 2601 440 2635 Iliad.
467 2601 514 2644 ζ’,
543 2604 630 2644 146,
656 2604 782 2648 Theog
786 2615 816 2636 n.
841 2603 920 2638 425.

108 2649 162 2683 ed.
179 2647 384 2687 Gaisford„
409 2647 512 2682 Hiob.
536 2651 645 2690 14,1.
669 2656 704 2683 et
730 2616 782 2685 2.g
796 2648 922 2693 quibus

108 2695 217 2728 addas
234 2693 323 2727 licet.
351 2695 393 2728 ab
421 2694 448 2726 E
473 2701 766 2729 commemoratum
792 2695 867 2739 Ody
865 2706 920 2728 ss

110 2739 161 2782 0¹,
190 2741 265 2775 129.
300 2747 335 2774 et
363 2740 544 2784 Sophoclis
580 2741 720 2785 egregie
745 2741 838 2775 dicta
861 2741 921 2775 illa

111 2787 251 2831 Oedipo
277 2786 354 2822 Col.
381 2787 640 2826 1135—1150‘.
659 2808 702 2813 —
739 2786 920 2830 ὀιζυρό-

108 2845 250 2876 τερον
274 2832 372 2866 V.rat
399 2832 458 2873 (1.,
495 2838 530 2866 et
563 2839 656 2867 recte
692 2835 851 2878 quidem,
896 2832 925 2866 si

110 2880 210 2913 Hom.
236 2878 400 2933 produxit
423 2891 445 2913 υ
466 2878 613 2913 litteram
639 2881 669 2913 h.
690 2881 732 2921 1.,
766 2886 803 2913 ut.
828 2879 924 2919 alias,

110 2926 204 2958 velut
232 2923 284 2964 α’,
309 2924 396 2965 417,
422 2939 474 2969 y,
502 2928 578 2960 112.
621 2926 681 2960 sed
711 2938 775 2959 non
801 2926 926 2960 desunt

112 2972 203 3016 apud
238 2974 356 3025 [100135
397 2971 594 3015 ancipitium
636 2972 790 3029 exempla
822 2983 926 3006 voca-

114 3017 191 3051 lium
216 3019 267 3060 (v.
293 3015 436 3060 δ,155,
462 3032 505 3060 κ,
526 3018 615 3060 475,
637 3015 753 3063 ὕδωρ
777 3016 822 3063 β’,
846 3019 925 3053 307.

743 172 1141 216 ΟΜΗΡΟΥ

1138 337 1346 380 αθανάτω
1375 352 1438 380 τε
1435 343 1443 364 '

968 1261 1005 1291 et
1027 1263 1146 1291 contra
1165 1255 1281 1301 ὕδωρ
1298 1257 1344 1291 ib.
1365 1258 1431 1292 858
1451 1256 1560 1300 eta),
1585 1255 1779 1301 legiturque

967 1314 1091 1337 revera
1116 1304 1261 1349 οἰζυρὰς
1286 1303 1397 1337 1110113
1420 1302 1519 1337 brevi
1542 1314 1601 1347 ap.
1624 1302 1777 1336 Atticos.

967 1360 1001 1382 v.
1031 1349 1204 1394 Aristoph.
1233 1350 1324 1384 Nub.
1349 1350 1417 1384 638
1440 1354 1505 1383 etc.
1531 1352 1647 1392 potest
1670 1348 1779 1404 igitur

966 1394 1063 1436 fieri,
1088 1402 1126 1429 ut
1150 1397 1204 1430 hic
1229 1407 1366 1441 quoque
1392 1394 1644 1440 corripiendum
1664 1395 1711 1428 sit
1734 1392 1777 1429 τὸ
1820 1415 1826 1434 ,-

966 1455 1011 1483 v,
1037 1453 1101 1475 nec
1125 1448 1237 1477 tamen
1263 1448 1448 1487 propterea
1470 1441 1580 1474 minus
1604 1441 1691 1474 bene
1714 1441 1779 1474 ha·-

966 1489 1047 1522 beat
1073 1487 1318 1532 ὀιζυρώτερον
1343 1494 1379 1521 et
1397 1489 1526 1532 Odyss.
1553 1485 1591 1528 ε’,
1617 1487 1694 1541 105.
1721 1485 1779 1521 ὀϊ-

964 1535 1197 1578 ζυρώτατον,
1231 1535 1322 1569 sicut
1344 1533 1586 1577 ὑπεροπλίῃσι
1619 1532 1668 1574 α’,
1694 1533 1777 1574 205,

925 1608 927 1611 .
965 1582 1135 1628 ὀπωρινῶ
1160 1580 1203 1623 ε’,
1229 1584 1262 1618 5.
1277 1607 1287 1623 ,
1319 1582 1415 1625 cujus
1447 1579 1602 1614 vocabuli
1627 1557 1779 1632 periulti-
1821 1574 1827 1630 ἶ

965 1641 1050 1662 mam
1076 1629 1319 1685 corripuerunt
1342 1627 1515 1661 Hesiodus
1541 1630 1644 1670 atque
1670 1624 1777 1658 Euri-

965 1676 1075 1720 pides,
1105 1674 1254 1717 ὁμοιΐου
1281 1673 1316 1716 ι’,
1342 1673 1429 1714 440,
1455 1687 1499 1713 ν,
1519 1673 1600 1707 358.
1626 1676 1660 1706 et
1680 1671 1777 1712 31135,

965 1733 1039 1755 cum
1065 1722 1250 1766 penultima
1272 1721 1346 1762 eius
1371 1721 1468 1753 verbi
1494 1729 1558 1763 pro
1582 1719 1685 1761 longa
1710 1722 1777 1760 est,

963 1768 1152 1812 similiaque
1177 1767 1352 1809 nonnulle,
1385 1777 1473 1811 quae
1496 1765 1672 1809 attigimus
1696 1775 1775 1797 ann.

968 1815 1012 1848 ad
1032 1815 1188 1859 Aeschyl.
1211 1813 1332 1857 Suppl.
1351 1814 1419 1852 38,
1444 1812 1568 1866 quibus
1593 1811 1674 1844 addi
1700 1816 1777 1855 pot.-

968 1867 1022 1894 est
1039 1861 1345 1904 κακοξεινωτερος
1366 1837 1495 1903 Qiyss.
1517 1857 1564 1899 ν’,
1579 1858 1660 1897 376,
1687 1856 1776 1901 quod
1824 1873 1828 1899 1

969 1907 999 1939 E
1025 1906 1318 1946 οοιῐιιιιωοῑιὶνίι,
1343 1910 1506 1938 mutatum
1526 1883 1609 1937 illud
1629 1903 1779 1937 sortasse
1825 1907 1829 1947 ξ

967 1965 988 1988 3
1010 1954 1252 1996 501010,ου111
1278 1931 1375 1985 H⁷om.
1406 1951 1549 1985 dixisset
1578 1947 1782 1991 κακοξενώ-

964 2013 1081 2044 τερος.
1119 2000 1180 2035 sed
1199 1997 1466 2043 inexpugnabile
1486 2003 1550 2038 est,
1578 1996 1668 2052 quod
1689 1995 1778 2030 idem
1826 2023 1829 2032 .

967 2046 1135 2092 plotulit‚
1161 2045 1391 2089 λαρώτατος,
1416 2055 1481 2088 pro
1497 2042 1700 2087 λαρότατος
1723 2042 1780 2075 di·
1826 2040 1829 2062 ἶ

964 2099 1055 2128 (tum
1088 2094 1217 2137 Ο(1)55.
1249 2091 1302 2137 β’,
1325 2093 1405 2126 350.
1446 2092 1565 2135 itaque
1598 2090 1778 2129 fateamur,
1826 2095 1829 2109 <

966 2142 1178 2181 σολοικίζειν
1213 2149 1452 2182 nonnunquam
1493 2137 1580 2170 hunc
1613 2140 1778 2176 nostrum,
1829 2154 1831 2157 v

966 2198 1060 2220 more
1084 2186 1287 2230 scriptorum
1307 2184 1457 2228 cujusvis
1480 2182 1598 2228 populi
1620 2182 1780 2226 antiquo·
1828 2180 1831 2201 ἕ

967 2245 1060 2272 rum,
1086 2244 1158 2265 cum
1185 2231 1284 2264 etiam
1310 2230 1455 2264 fluctuat
1483 2229 1718 2272 grammatica.
1743 2238 1777 2262 v.

965 2279 1009 2313 de
1035 2258 1100 2313 1100
1122 2289 1253 2322 genere
1281 2277 1348 2311 Τ11.
1372 2279 1405 2319 §.
1432 2273 1509 2310 148.

1011 2346 1091 2383 449
1123 2344 1425 2391 ἐποχήσεται.
1451 2344 1505 2388 κ’,
1531 2345 1611 2380 330.
1636 2361 1682 2370 ·-
1726 2342 1778 2380 οὐ
1830 2320 1833 2378 l

965 2407 1050 2439 γαρ
1078 2392 1215 2428 εἀσω.
1259 2393 1417 2426 similiter
1449 2392 1581 2425 Hector
1615 2389 1646 2426 σ’
1661 2417 1671 2432 ,
1697 2391 1834 2431 296.

966 2441 1050 2475 mire
1076 2440 1171 2473 Harl.
1195 2440 1230 2472 in
1256 2439 1427 2482 margine,
1460 2439 1636 2482 Excerpta
1661 2437 1780 2472 Schol.
1831 2463 1834 2476 .

967 2499 1023 2532 ap.
1050 2487 1153 2520 Barn.
1179 2490 1214 2519 et
1237 2485 1316 2529 ipsa
1336 2486 1410 2529 ejus
1435 2485 1488 2519 ed.
1483 2510 1503 2527 .,
1527 2486 1689 2542 quodque
1707 2495 1778 2518 1113-
1832 2495 1835 2524 ς

1521 2529 1612 2566 ονδέ
1631 2543 1687 2571 τις
1710 2528 1776 2565 ἄλ·
1833 2552 1836 2564 .

964 2533 1052 2577 joris
1076 2531 1234 2566 momenti
1257 2536 1331 2571 est,
1366 2531 1482 2565 Flor.=

968 2583 1052 2622 λος,
1078 2590 1166 2624 quae
1190 2582 1244 2611 est
1270 2579 1528 2623 διττογραφία.

1015 2636 1226 2671 450—455.
1254 2630 1384 2679 Ἴοῦχ
1409 2631 1521 2677 αλις.
1556 2633 1604 2678 ε’,
1629 2633 1718 2677 349,
1744 2633 1780 2676 ι’,

967 2684 1047 2719 533.
1067 2703 1111 2707 —
1146 2679 1318 2721 αὔτως,
1344 2687 1482 2716 temere.
1516 2680 1549 2716 α’
1562 2682 1688 2723 ,133‚
1709 2661 1781 2717 ’520
1836 2699 1837 2707 1

968 2736 1035 2765 etc.
1077 2728 1175 2763 Harl.
1210 2734 1245 2762 et
1269 2728 1354 2762 alius
1385 2728 1522 2773 quidam
1548 2728 1680 2764 codex
1714 2727 1780 2764 ἄλ·
1835 2737 1839 2764 “,

967 2780 1046 2816 λως.
1070 2795 1115 2800 -
1139 2773 1387 2819 γούνασσι.
1425 2787 1458 2809 v.
1477 2786 1554 2809 ann.
1575 2775 1617 2809 ad
1644 2771 1680 2816 ι’,
1701 2775 1780 2811 488.
1836 2776 1837 2782 ’

976 2842 1016 2846 —
1051 2822 1214 2863 σφίσι,
1249 2819 1423 2865 Trojanis.
1466 2821 1509 2855 de
1544 2822 1607 2856 1100
1641 2821 1781 2856 decreto
1836 2838 1839 2844 ·

971 2867 1068 2902 Jovis
1101 2879 1134 2902 v.
1161 2866 1191 2901 o'
1205 2895 1213 2907 ,
1239 2867 1405 2904 49—77.
1425 2887 1468 2892 —
1508 2867 1691 2913 κνέφας
1720 2867 1783 2903 ἱε-

973 2913 1070 2960 ρόν.
1101 2913 1147 2955 λ’,
1176 2913 1249 2948 194.
1838 2911 1840 2942 :

1019 2970 1135 3006 456-
1148 2970 1227 3005 460.
1262 2968 1405 3013 μένος
1429 2968 1497 3014 ἠΰ.
1534 2972 1586 3006 sic
1610 2972 1712 3007 etiam
1737 2970 1784 3011 v'.
1838 2994 1841 3001 ·

975 3017 1038 3059 80,
1063 3016 1288 3062 similiterque
1312 3015 1358 3059 ε’,
1384 3019 1462 3054 516.
1504 3018 1639 3054 Aeneae
1663 3018 1784 3054 refecti
1845 3054 1847 3074 ἢ
