1877 3277
157 178 239 219 192

787 173 1190 216 ΟΜΗΡΟΥ

212 290 295 330 600
324 282 570 340 σφενδόνῃ,
600 281 657 338 ἣν
686 280 773 338 ἄρα
803 284 847 325 οἱ
875 280 1084 336 θεράπων
1112 282 1177 338 ἔχε
1208 282 1385 336 ποιμένι
1413 285 1546 325 λαῶν.

375 363 513 407 quicum
533 363 658 397 deinde
675 362 841 396 Pisander
860 372 1064 405 congressus
1084 360 1208 394 misere
1228 360 1396 394 occiditur
1421 367 1457 395 et
1479 361 1656 407 spoliatur.

381 432 654 483 Πείσανδρος
685 427 729 472 δ’
761 427 862 478 ἷθύς
891 428 1123 471 Μενελάου
1152 429 1413 483 κυδαλίμοιο

324 485 418 542 ἤιε
462 486 538 530 τὸν
568 485 611 529 δ’
641 484 716 541 ἄγε
747 489 902 538 Μοῖρα
931 483 1043 539 κακή
1075 486 1292 527 θανάτοιο
1322 485 1515 535 τέλοσδε,

323 543 414 595 σοὶ,
446 543 664 593 ΝΙενέλαε,
697 543 885 597 δαμηναι
915 542 961 583 ἐν
992 543 1092 612 αἰνῇ
1123 542 1328 596 δηϊοτῆτι.

325 601 368 643 οἱ
398 597 441 641 6'
473 599 544 642 ὅτε
576 598 627 653 δὴ
654 576 816 652 ⁷69586611
844 599 958 652 ἦσαν
989 597 1060 640 ἐπ’
1091 596 1343 652 αλλήλοισιν
1373 595 1533 649 ἰόντες,

210 659 292 702 605
320 655 534 710 Ἀτρείδης
564 655 642 710 μὲν
673 655 862 722 ἅμαρτε,
892 655 1029 707 παραὶ
1057 654 1102 696 δέ
1136 655 1179 696 οἱ
1209 651 1410 705 ἐτράπετ’
1441 653 1588 708 ἔγχος,

326 714 599 766 Πείσανδρος
627 711 672 752 68
703 709 836 761 σάκος
867 709 1099 753 Μενελάου
1127 711 1388 763 κυδαλιμοιο

324 768 533 820 οὔτασεν,
566 765 670 810 οὐδὲ
701 764 858 818 διαπρὸ
892 766 1123 835 δυνήσατο
1141 765 1303 820 χαλκόν
1335 765 1533 808 ἐλάσσαι·

321 826 467 879 ἔσχεθε
495 824 579 893 γάρ
611 821 747 874 σάκος
778 822 910 881 εὐρὺ,
939 822 1215 876 κατεκλάσθη
1245 821 1284 865 δ’
1319 822 1382 864 ἐνὶ
1411 824 1561 880 καυλῷ

321 882 466 952 ,ε’-ἔγχος,
499 879 521 923 ὁ
554 881 600 923 68
629 880 800 947 φρεσὶν
815 882 887 936 ησι
915 879 1050 934 χάρη,
1080 880 1154 922 καὶ
1185 878 1352 921 ἐέλπετο
1381 879 1520 934 νίκην.

210 943 294 983 610
321 936 532 1008 ᾉτρείδης
563 936 608 979 68
639 934 933 1006 ἐρυσσάμενος
963 938 1088 1006 ξίφος
1119 933 1396 1006 ἀργυρόηλον

877 991 975 1036 ὁδ’

325 993 421 1037 ἆλτ’
455 994 522 1036 ἐπὶ
549 991 831 1064 Πεισάνδρῳ·

1004 990 1083 1035 ὑπ’
1116 990 1300 1042 ἀσπίδος
1329 993 1462 1034 εἵλετο
1492 989 1630 1046 καλήν

325 1050 478 1105 ἀξίνην
509 1050 748 1104 εὔχαλκον,
793 1049 951 1104 ἐλαῖνῳ
982 1048 1098 1118 ἀμφὶ
1126 1049 1334 1102 πελέκκῳ,

324 1110 500 1176 μακρῷ,
532 1107 733 1160 ἐϋξέστῳ
775 1106 864 1162 ἅμα
894 1106 934 1148 δ’
968 1103 1167 1160 ἀλλήλων
1198 1105 1419 1159 ἐφίκοντο.

325 1162 420 1218 ἤτοι
453 1161 475 1205 6
514 1164 592 1214 μὲν
622 1163 818 1216 κόρυθος
831 1162 1012 1232 φάλον
1022 1162 1182 1231 ἤλασεν
1213 1161 1496 1215 ιπποδασείης

212 1223 294 1265 615
324 1220 464 1273 α’κρον
494 1219 580 1262 ὑπὸ
610 1219 754 1275 λόφον
784 1217 944 1262 αὐτόν·

327 1275 450 1332 ῥινός
476 1274 556 1319 υ’πε
563 1294 585 1330 ρ
616 1276 826 1346 πυμάτης.

988 1217 1012 1262 ὁ
1040 1218 1085 1262 68
1113 1218 1353 1272 προσιόντα
1378 1217 1596 1270 μέτωπον,

885 1275 989 1320 λάκε
1020 1274 1064 1318 δ’
1097 1275 1245 1323 ὀστέα,
1275 1275 1334 1317 τώ
1368 1274 1414 1317 68¹
1446 1275 1490 1316 οἱ
1519 1272 1619 1317 ὄσσε

324 1333 412 1388 πὰρ
443 1334 574 1376 ποσὶν
605 1332 861 1387 αιματόεντα
889 1333 1021 1388 χαμαὶ
1050 1330 1186 1375 πέσον
1216 1331 1262 1374 ἐν
1291 1333 1515 1388 κονίῃσιν

327 1388 496 1446 ιδνώθη
527 1389 573 1433 68
603 1390 758 1433 πεσών.

154 1505 273 1559 (716.)
292 1504 410 1544 καλῶς
418 1502 718 1560 περιεστεμμένῳ
738 1503 848 1549 ἐρίῳ,
880 1503 960 1548 (op-

155 1551 294 1607 ponitur
328 1550 368 1585 τὸ
403 1548 511 1585 οὲκατ
497 1549 672 1594 ἐργαστον
695 1550 805 1596 ἔριον.
838 1561 872 1583 v.
898 1550 960 1593 Ε)

152 1597 340 1632 τουτέστιν
372 1595 452 1643 ε’ρίᾳ
488 1596 686 1642 σφενδόνη.
747 1595 854 1637 οἰὸς
890 1594 960 1640 γάρ

154 1643 312 1688 οἷώτω,
337 1627 529 1697 προβάτου
550 1642 680 1683 ἄνθει,
704 1640 724 1678 ὅ
744 1643 841 1678 ἐστιν
863 1641 959 1687 ἐρίῳ.

152 1691 238 1734 (imo
264 1689 385 1724 ἄωτον
404 1689 486 1722 nihil
511 1689 602 1723 aliud
619 1701 695 1723 esse
714 1701 811 1732 quam
830 1690 960 1728 villum,

153 1737 299 1777 monice,
327 1738 445 1774 Zotte
472 1735 589 1790 pulcre
611 1736 761 1769 ostendit
779 1736 959 1768 Buttman-

152 1793 227 1817 nus.
251 1794 284 1816 v.
309 1793 386 1815 ann.
409 1763 508 1822 adl,
534 1783 611 1816 657.
642 1801 688 1805 ——
721 1780 959 1824 „66³8v60'-

151 1841 218 1874 νῃ.
244 1828 366 1871 (semel
391 1826 549 1870 dictum.)
577 1827 707 1861 fiebant
730 1828 808 1861 olim
833 1828 958 1860 fundae

153 1886 197 1908 ex
229 1874 347 1909 fasciis
383 1873 510 1913 laneis,
555 1885 622 1906 non
660 1885 703 1906 ex
745 1873 862 1906 nervis
898 1885 958 1906 seu

152 1920 314 1960 chordis,
346 1925 385 1952 ut
415 1898 571 1952 auctores
604 1925 684 1952 sunt
707 1919 835 1952 Scholl.
862 1919 890 1952 B
923 1923 958 1952 et

152 1966 252 2023 Lips3
273 1966 322 1999 E:
358 1965 451 2018 λέγει
475 1963 645 1999 ἐνταῦθα
677 1963 697 2000 6
718 1963 958 2008 Σχολιαστὴς,

153 2009 212 2048 ὅτι
235 2011 350 2056 ἐρίοις
375 2009 493 2046 πάλαι
516 2010 563 2045 τὰ
586 2013 685 2046 κῶλα
708 2013 773 2054 τῆς
797 2010 958 2055 6q>8v66—-

152 2071 221 2115 νης
253 2057 491 2099 συνέπλεκον,
528 2058 591 2092 καὶ
624 2056 670 2092 ου’
701 2070 868 2098 νευροις,
909 2056 959 2097 ὡς

153 2102 330 2147 ὕστερον,
377 2104 440 2138 ινα
464 2104 533 2138 τοῦ
563 2102 666 2146 ἐρίου
698 2103 960 2143 ἐπενδιδόντος

154 2153 398 2186 διατείνοιντο
424 2147 520 2184 αυτοὶ
538 2148 576 2185 ἐν
599 2163 642 2195 τῃ
667 2148 882 2194 άπορρᾘψει
915 2150 958 2183 de

154 2195 342 2242 σφενδόνῃ
380 2207 441 2240 pro
465 2197 574 2229 fascia
599 2196 755 2230 adhibita
779 2208 799 2230 a
820 2195 959 2230 medicis

154 2257 189 2278 v.
217 2243 333 2276 Foelsii
356 2242 486 2276 Oecon.
518 2244 686 2286 Hippocr.
713 2244 745 2276 h.
777 2245 844 2276 v.“
903 2242 958 2274 Ea·

153 2291 290 2323 Ernest.
323 2293 356 2322 et
378 2289 424 2321 H.
468 2289 512 2321 cf.
537 2289 649 2322 Feith.
683 2300 713 2331 p.
740 2287 819 2324 479.
850 2293 886 2322 et
915 2287 959 2320 ad

153 2347 228 2370 eum
240 2334 398 2369 Stoeberi
411 2334 780 2378 anima‹1vv.,K6pkei
789 2335 960 2379 Kriegsw,

153 2383 189 2416 d.
214 2382 275 2415 Gr.
293 2393 327 2425 p.
349 2382 577 2421 123-125„
615 2381 707 2414 Bosii
738 2381 875 2425 Antiqu
906 2391 958 2423 gr.

153 2428 264 2461 deser.
284 2428 382 2460 brev.
406 2437 438 2469 p.
460 2428 538 2461 174.
564 2446 605 2451 —-
634 2426 881 2470 θεράπων.
907 2424 960 2460 ὠν

150 2471 335 2527 θεράπων
353 2471 486 2506 αὐτοῦ.

198 2521 277 2555 608.
317 2517 508 2561 ἔσχεθε,
544 2519 763 2562 impediebat.
804 2542 827 2572 3,
837 2518 882 2550 cf.
907 2515 956 2560 μ’,

152 2566 240 2606 184,
264 2562 309 2605 ν’,
333 2566 420 2605 398,
448 2564 576 2608 Odyss.
602 2563 646 2606 δ’,
671 2564 752 2604 284,
778 2563 828 2599 π’.
852 2565 945 2598 43οέ
935 2566 958 2582 “’

225 2611 271 2644 1.Ι
294 2630 336 2635 ——
362 2609 431 2644 ἐνὶ
455 2612 621 2656 καυλῷ.
649 2612 727 2650 162,
742 2609 792 2649 π’,
815 2601 956 2644 115etc.

152 2615 278 2694 Ιπ.609
315 2653 335 2692 6
362 2655 408 2691 68
425 2676 470 2680 —
493 2658 640 2701 νίκην.
674 2656 814 2699 simplex
833 2656 955 2696 oratio,

151 2717 215 2738 nec
237 2700 450 2748 περιοδικὴ,
486 2709 522 2736 et
541 2713 658 2746 parum
677 2701 848 2735 distinctis
870 2707 956 2735 tem-

151 2750 292 2794 poribus
312 2749 502 2783 verborum.
561 2760 628 2781 non
649 2748 736 2780 enim
757 2748 869 2780 fracta
894 2748 956 2780 lia-

151 2803 205 2829 sta
226 2796 365 2839 gavisus
393 2800 446 2828 est
465 2800 501 2827 et
520 2794 702 2827 victoriam
726 2793 878 2836 speravit
898 2793 957 2826 Pi-

151 2842 298 2884 sander,
323 2840 383 2874 sed
407 2845 509 2874 antea
526 2840 680 2880 scilicet,
712 2850 786 2872 cum
808 2839 956 2872 Menelai

151 2892 280 2920 scutum
288 2867 461 2920 ”feriisset.
486 2890 540 2920 est
555 2885 662 2930 igitur
678 2884 795 2929 χάρη
813 2885 958 2929 gavisus

152 2938 249 2973 erat,
295 2937 331 2967 et
368 2931 565 2968 ἐέλπετο
601 2936 822 2975 speraverat,
868 2942 958 2975 quae

153 2979 269 3023 priore
292 2978 367 3012 loco
399 2978 569 3023 posuisset
597 2977 767 3012 recentior
797 2976 958 3022 scriptor,

154 3028 190 3059 ct
214 3035 277 3069 per
309 3024 492 3070 participia
523 3024 724 3065 extulisset,
772 3023 867 3058 velut
893 3023 958 3058 hoc

817 1388 840 1433 6
871 1391 917 1434 68
947 1389 1024 1442 λὰξ
1055 1389 1101 1432 ἐν
1131 1387 1310 1445 στήθεσι
1338 1391 1504 1443 βαίνων

1006 1502 1125 1537 modo:
1150 1521 1194 1528 —-
1220 1500 1374 1545 οὔτασε,
1406 1499 1542 1545 χαρεὶς,
1572 1498 1636 1534 καὶ
1655 1497 1810 1544 ἐλπόμε-

1006 1563 1070 1590 νος
1092 1550 1208 1594 νίκην.

1054 1620 1131 1654 610.
1162 1615 1268 1660 ’.Ατρ
1302 1614 1357 1651 δὲ’
1390 1614 1539 1671 ἐρυσσ.
1599 1615 1691 1648 haud
1721 1615 1809 1649 male

1006 1665 1216 1698 scriberetur
1246 1663 1332 1706 Ἆτρ.
1372 1659 1408 1696 δ’
1447 1658 1727 1705 εἰρυσσάμενος,
1770 1666 1809 1696 ut

1007 1710 1231 1755 εἰρυόμεσθα
1266 1707 1325 1752 φ’,
1361 1709 1451 1749 588,
1496 1707 1730 1753 εἰρύσσονται
1764 1704 1807 1750 σ’,

1005 1758 1091 1792 276:
1126 1757 1186 1790 sed
1210 1756 1293 1789 nihil
1316 1737 1507 1788 inutandum
1537 1765 1614 1787 esse
1642 1754 1807 1795 arbitror,

1005 1815 1078 1836 cum
1102 1803 1196 1835 elisio
1218 1801 1383 1835 vocalium
1401 1812 1505 1844 saepe
1523 1808 1636 1834 cesset
1651 1812 1706 1844 ap.
1718 1801 1808 1833 hunc
1854 1823 1859 1832 .

1004 1855 1167 1882 nostrum.
1212 1848 1418 1891 digammate
1451 1847 1593 1891 appicto
1619 1846 1809 1890 Knightius

1004 1907 1075 1928 rem
1104 1894 1266 1939 expedire
1295 1892 1362 1926 sibi
1389 1893 1484 1925 visus
1521 1898 1594 1935 est,
1639 1892 1690 1926 ita
1723 1892 1809 1925 haec

1005 1941 1176 1974 scribens:
1211 1939 1411 1983 ατρεΙῑιδης
1440 1939 1500 1979 δε,
1534 1939 1810 1981 ,Ρερυσσαμενος

1005 1999 1135 2030 χσιφος
1157 1985 1423 2029 α’ργυροέηλον.
1457 1984 1518 2018 sed
1535 1983 1578 2018 de
1598 1985 1662 2018 hoc
1681 1995 1808 2029 genere

1003 2033 1088 2067 satis
1105 2033 1204 2066 dixi
1195 2044 1231 2065 ιη
1247 2031 1493 2076 superioribus.

1051 2095 1612 2138 611-618.υπά’σπίδος.
1646 2095 1805 2143 τὴνυπὸ
1848 2101 1861 2143 ,’

1610 2145 1727 2179 Schol.
1763 2145 1810 2181 B.
1848 2146 1853 2182 Ξ

1005 2191 1059 2227 ἕλ.
1088 2191 1145 2236 ἀμ
1160 2206 1211 2236 φι
1235 2195 1327 2227 πελ.
1364 2192 1416 2237 τῷ
1436 2192 1504 2226 τοῦ
1522 2189 1695 2231 πελέκεως
1714 2202 1808 2226 στει-
1849 2222 1852 2228 ,

1003 2145 1072 2190 τὴν
1109 2144 1249 2180 οἷσπίδα
1289 2157 1473 2190 κρυπτομε
1466 2145 1554 2189 ἕνην.

1006 2241 1108 2290 λειῷ,
1143 2238 1246 2281 παρὰ
1271 2237 1315 2295 τὸ9
1332 2239 1613 2283 πεπελεκῆσθαι.
1639 2257 1679 2262 -
1715 2239 1806 2282 Ap..

1007 2285 1088 2320 οἷον
1111 2289 1259 2340 στελεῷ·
1295 2283 1415 2327 ἀμφι
1440 2287 1535 2319 πελ.
1565 2282 1722 2317 similiter
1738 2282 1807 2317 alii.

1006 2332 1134 2375 Odyss.
1169 2330 1194 2367 ε’
1207 2357 1217 2373 ,

1006 2377 1164 2413 ἐλάινον.
1207 2375 1384 2421 στειλειὴν
1418 2377 1505 2410 dixit
1531 2375 1613 2410 ibid.
1646 2373 1695 2417 φ’,
1727 2374 1806 2411 422.

1007 2430 1060 2458 est
1093 2423 1206 2481 λαβὴ,
1257 2423 1484 2458 manubrium.
1541 2420 1708 2468 ,,ἐλοι“ί“νω
1743 2432 1807 2466 pro

1007 2469 1152 2505 ἐλαιΐνω
1174 2470 1290 2504 Attice
1308 2469 1432 2503 dictum
1450 2469 1500 2502 ait
1517 2447 1629 2502 S'c'hol.
1646 2456 1693 2509 Β,
1723 2468 1756 2501 h.
1776 2479 1808 2502 e.

1003 2517 1113 2550 veteri
1141 2518 1284 2561 quadam
1305 2515 1461 2555 ratione,
1503 2525 1602 2559 quam
1626 2493 1728 2548 Attici
1751 2524 1808 2546 re-

1002 2563 1153 2596 tinuere.
1188 2574 1218 2595 v.
1240 2563 1271 2595 E
1304 2567 1338 2594 et
1366 2561 1551 2601 Ttmmam,
1591 2560 1635 2594 ad
1654 2571 1807 2617 eumque
1847 2575 1857 2592 .*

1003 2614 1164 2642 annotata
1194 2620 1226 2652 p.
1249 2608 1354 2642 292.“
1402 2607 1456 2640 Ex
1482 2607 1528 2639 H.
1563 2625 1605 2630 —-
1649 2604 1805 2647 ἅμα-

1262 2333 1341 2366 536.
1377 2328 1552 2366 στειλειὸν
1598 2327 1809 2372 περικαλλὲς
1858 2363 1859 2367 ,

1847 2400 1852 2482 l

1003 2653 1250 2697 ἐφίκοντο
1293 2650 1366 2688 ὑπὸ
1387 2651 1428 2687 τὸ
1453 2649 1546 2687 αὐτὸ
1568 2652 1700 2696 (simul)
1724 2651 1806 2686 ἔτυ-
1847 2691 1850 2706 ,

1002 2714 1068 2744 χον
1093 2698 1268 2745 α’λλήλων.
1292 2700 1374 2732 Sch.
1403 2718 1442 2723 —
1468 2699 1806 2753 ιπποδασείης.

1037 2748 1136 2785 ,-369
1161 2767 1207 2772 —
1237 2744 1469 2789 πυμάτης.
1496 2742 1657 2798 ἐσχάτης.
1681 2742 1722 2787 ζ,
1741 2746 1805 2780 118

1004 2799 1069 2826 etc.
1097 2813 1136 2817 —
1173 2793 1275 2826 Sch.·
1308 2790 1434 2826 λάκε.
1473 2788 1533 2846 (ξ’,
1554 2791 1610 2830 25,
1634 2789 1681 2832 ν’,
1704 2791 1805 2834 277.)

1003 2839 1168 2883 ἐσχίσθη.
1202 2836 1473 2876 ὀνοματοποιια
1496 2833 1515 2871 6
1538 2835 1687 2879 τρόπος.
1710 2839 1806 2882 (sra-

1003 2892 1061 2920 cta
1080 2889 1293 2928 crepuerunt.
1324 2886 1409 2928 Ap.:
1436 2880 1624 2926 ἐψόφησεν
1642 2889 1708 2917 etc.
1737 2894 1804 2917 vox

1004 2943 1025 2965 a
1046 2931 1193 2964 Pindaio
1212 2935 1247 2963 et
1262 2930 1374 2974 poetis
1389 2928 1533 2963 scenicis
1553 2929 1697 2973 aliisque
1708 2939 1807 2963 usur-

1004 2983 1098 3021 pata.
1124 2975 1392 3018 -ἰδνωθη,
1418 2973 1462 3021 β,
1486 2977 1566 3010 266.

1005 3025 1105 3059 306:
1131 3023 1189 3058 ille
1208 3023 1319 3058 securi
1335 3022 1481 3057 Adversa
1487 3023 1640 3065 frontem
1661 3022 1811 3056 mediam
1846 3062 1849 3074 .

1615 2976 1741 3019 „Virg.
1752 2976 1807 3015 12,
1846 2915 1849 2985 l

1846 2732 1851 2757 l

1846 2801 1850 2853 l

1846 2859 1850 2913 l
