1847 3277
615 144 1040 185 ΙΛΙΑΔΟΣ

1097 143 1146 180 X.
1623 142 1707 182 219

217 258 318 311 τῆλε
342 254 392 299 6'
420 253 510 298 ἀπὸ
538 253 699 308 κρατὸς
728 251 795 309 χέε
823 251 1012 307 δέσματα
1041 249 1306 320 σιγαλόεντα,

220 313 449 380 finarum,
476 310 773 384 πεικρυίραλόνΡ
789 310 846 363 τ’,
876 308 952 365 η’δὲ
980 307 1169 361 πλεκτὴν
1195 306 1477 363 ἇναδέσμην,]

106 374 188 417 470
217 367 464 441 ζιρήδεμνόν
492 367 557 421 θ’,
582 367 613 412 ὅ
643 367 699 422 ῥά
730 369 773 411 οἱ
801 368 912 411 δῶκε
940 363 1109 435 χρυσέη
1126 363 1362 418 Ἀφροδίτη

217 426 350 493 ἤματι
377 429 460 484 τῷ,
493 423 562 468 ὅτε
593 441 669 478 μιν
697 424 998 476 κορυθαίολος
1024 419 1209 491 ἠγάγεθ’
1233 419 1406 474 Ἕκτωρ

219 483 267 527 ἐκ
301 470 440 537 δόμου
469 479 717 532 Ἠετίωνος,
746 481 841 524 ἐπεὶ
870 478 980 533 πόρε
1010 479 1158 547 μυρία
1174 475 1291 520 ἕδνα.

219 538 333 611 ἀμφὶ
361 539 408 582 δέ
437 554 514 604 μιν
541 537 703 598 γαλόῳ
717 554 761 580 τε
791 537 866 580 καὶ
895 535 1109 588 εἰνατέρες
1139 533 1234 585 ἅλις
1263 532 1406 583 ε’σταν,

222 597 272 640 αἴ
298 595 317 639 ἑ
345 597 451 651 μετά
480 596 634 650 σφίσιν
663 599 781 649 εἰχον
809 592 1077 648 ἀτυζομένην
1102 589 1362 634 ἀπολέσθαι

271 680 452 720 postquam
477 675 520 707 ad
544 685 582 707 se
608 674 733 716 rediit,
756 674 922 709 Hectoris
946 677 983 709 et
1005 684 1102 707 suam
1125 670 1256 716 filiique
1280 668 1355 704 orbi
1374 666 1489 701 vicem
1514 666 1619 709 dolet,
1644 678 1716 701 mu-

182 720 331 755 lieribus
356 732 423 754 una
445 721 719 754 lamentantibus.

112 791 196 834 475
212 788 252 859 ἡ
284 786 328 832 δ’
361 788 448 833 ἐπεὶ
480 783 564 831 οὖν
594 786 818 843 ἄμπνυτο,
853 788 926 830 καὶ
956 787 999 839 ἐς
1027 786 1172 859 φρένα
1201 781 1347 839 θυμὸς
1375 780 1558 838 ἀγέρθη,

212 844 450 903 ἀμβλήδην
478 844 655 901 γοόωσα
683 845 790 902 μετὰ
823 848 1027 903 Τρωῆσιν
1056 844 1221 887 ἔειπεν·

54 971 137 997 noc.
169 970 205 992 v.
228 959 333 992 Schn.
359 971 389 992 v.
411 957 543 998 minoe.
569 978 612 984 —
637 957 710 1002 χέε
725 985 733 999 ,
752 959 862 1002 fudit,

54 1005 210 1038 defluere
228 1005 324 1038 sivit.
343 1025 385 1030 —
411 1005 624 1049 δέσματα
648 1005 682 1038 in
704 1006 864 1049 Odyssea

55 1050 194 1095 quidem
220 1049 267 1089 α’,
290 1050 357 1085 204
383 1057 418 1085 et
441 1050 494 1092 θ’,
518 1053 598 1086 278.
624 1051 761 1084 vincula
785 1056 864 1085 sunt

53 1107 116 1130 seu
139 1100 300 1136 catenae,
335 1097 392 1131 hic
427 1102 540 1130 autem
571 1097 786 1131 redimicula.
823 1115 863 1121 —

56 1141 360 1185 σιγαλόεντα.
393 1141 431 1183 ε’,
460 1143 541 1178 226.

99 1189 180 1224 469.
226 1189 342 1222 foetus
372 1188 484 1233 inepti
526 1188 771 1233 explicatoris,
810 1188 865 1221 vel

55 1233 212 1279 plurium.
261 1234 348 1268 dixit
370 1235 471 1270 Hom.
497 1234 678 1277 δέσματα,
704 1236 737 1268 Ιι.
754 1247 784 1268 e.
806 1233 865 1269 δέ·

57 1291 151 1324 σμα,
176 1279 350 1322 diadema‚
383 1292 445 1314 usu
469 1281 674 1326 pervulgato
700 1292 756 1326 ap.
782 1283 866 1325 poe-

57 1331 112 1361 tas
145 1326 275 1360 numeri
309 1326 470 1371 pluralis3
508 1332 546 1360 at
578 1327 628 1360 illi
661 1338 734 1360 cum
771 1326 868 1371 plura

58 1384 132 1406 eum
157 1372 357 1406 redimicula
383 1372 599 1416 significasse
633 1373 697 1407 sibi
725 1384 869 1416 persua—

56 1419 190 1458 derent,
213 1417 281 1451 ista
305 1418 621 1462 agglutinaverunt‚
648 1419 767 1464 putide
787 1430 870 1451 enu-

59 1469 233 1500 morantes
268 1464 467 1498 feminarum
496 1471 712 1506 ornamenta,
746 1465 871 1509 quibus

61 1512 91 1544 si
123 1511 223 1544 simul
253 1510 406 1545 omuibus
441 1510 612 1544 instructa
644 1512 872 1556 processisset

37 1597 42 1599 .
62 1557 321 1611 Andromache,
354 1555 438 1590 risui
464 1555 605 1597 fuisset,
639 1563 744 1601 puto,
779 1557 872 1591 Tro-

58 1602 163 1648 janis.
197 1614 339 1647 quorum
359 1603 493 1646 quidem
514 1608 785 1637 ornamentorum
804 1600 872 1645 ἅμ-

59 1649 133 1692 πυξ
157 1649 244 1682 haud
270 1648 377 1682 minus
403 1650 544 1693 languet
563 1661 662 1694 quam
684 1648 871 1694 οἳναδέσμη

64 1704 144 1750 post
168 1694 347 1738 δέσματα,
373 1694 557 1740 siquidem,
592 1708 612 1730 a
637 1697 750 1741 priseo
776 1695 873 1740 ἀμπὶ

65 1741 278 1784 derivatum,
314 1741 398 1775 nihil
429 1741 521 1775 aliud
556 1748 610 1776 est
634 1755 732 1788 quam
758 1741 871 1786 αμπέ-

64 1801 132 1833 χον
156 1802 209 1831 τι,
237 1791 268 1822 h.
289 1802 319 1823 e.
347 1787 480 1831 δέσμα,
507 1789 595 1833 quod
623 1801 684 1834 per
708 1801 746 1823 se
770 1791 871 1823 etiam

67 1847 134 1869 vox
158 1833 316 1878 ἄμπελος
339 1835 494 1868 indicare
528 1835 690 1876 videtur,
724 1837 874 1880 plantam

64 1881 138 1915 scil
150 1893 275 1926 ‹‚{uae
298 1881 408 1925 cingit
432 1881 608 1925 vincitque
631 1882 698 1916 alia
723 1883 875 1916 clavicu-

64 1927 117 1962 lis.
166 1939 277 1972 neque
301 1927 386 1961 enim
412 1927 604 1961 audiendus
632 1933 686 1961 est
710 1930 796 1973 Ap„
821 1928 876 1962 cui

63 1973 106 2010 τό
133 1971 260 2018 αμπυξ
283 1977 382 2007 sonet
408 1971 620 2028 α’ναδεσμὸν
642 1975 714 2008 τῶν
730 1976 877 2019 τριχῶτ,

65 2021 140 2056 ἀπὸ
166 2022 232 2055 τοῦ
258 2021 310 2060 εἰς
334 2033 380 2054 τα
407 2016 484 2054 ἅνω
503 2021 783 2058 πεπυκνῶσθαι.
815 2033 877 2066 pu-

34 2090 38 2093 ‚
67 2068 141 2101 tide
165 2065 330 2111 explicuit
353 2066 394 2099 τό
414 2085 456 2090 —
475 2067 569 2108 πυξ,
595 2078 682 2111 quae
707 2074 760 2102 est
785 2079 878 2102 mera

69 2112 286 2154 terminatio,
312 2123 378 2157 qua
403 2113 613 2147 Graecorum
639 2114 790 2148 abundat
814 2114 878 2147 lin-

69 2171 148 2205 gua.
159 2170 280 2203 magno
291 2158 514 2192 emolumento
535 2160 736 2215 euphoniae.
762 2172 879 2205 quem-

70 2205 250 2239 admodum
273 2211 308 2238 et
331 2203 446 2247 ἄντυξ
471 2206 514 2239 ab
539 2204 633 2240 ἄντα
658 2209 799 2251 proprie
829 2207 879 2240 si-

71 2251 215 2296 gnificat
241 2249 394 2286 ανταῑόν
419 2265 474 2292 τι,
506 2264 576 2285 rem
611 2252 810 2295 adversam,
844 2258 880 2286 et

72 2297 182 2340 ὄνυξ,
205 2298 247 2330 ab
272 2310 368 2338 ονω,
395 2297 546 2342 aliquid,
571 2298 661 2343 quod
685 2300 785 2343 juvat
807 2310 881 2332 mu-

72 2342 192 2387 nitque
216 2343 367 2387 digitos;
393 2355 503 2387 neque
527 2344 593 2377 alio
614 2346 762 2389 pertinet
782 2344 881 2388 ὄνος,

68 2391 261 2434 jumentum
277 2388 502 2433 praecipuum.
537 2397 686 2424 ceterum
707 2392 741 2425 id
763 2393 881 2425 vocab.

75 2437 139 2470 hoc
158 2441 289 2468 tantum
310 2435 382 2468 loco
400 2446 584 2480 usurpasse
604 2436 754 2471 creditur
770 2440 866 2472 Ηοιιι
874 2464 883 2479 ,

76 2493 139 2515 nec
164 2482 327 2526 frequens
351 2486 402 2513 est
434 2492 490 2526 ap.
516 2488 650 2515 ceteros
682 2485 884 2529 scriptores.

77 2527 167 2562 dixit
191 2535 302 2561 tamen
337 2527 524 2571 Aeschylus
550 2529 672 2572 Suppl.
693 2531 773 2566 394.
818 2531 884 2563 Da-

75 2575 209 2608 naidum
231 2573 399 2617 ἄμπυκας
418 2576 654 2617 πολυμίτους,
685 2576 803 2621 Ειιιίρ.
815 2577 885 2609 He-

77 2621 152 2654 ‹:.ub
165 2618 243 2655 444.
269 2620 401 2653 Dianae
419 2619 575 2663 χρυσέαν
594 2619 754 2663 ἄμπυκα.
781 2634 886 2665 χρυσ-

78 2666 251 2709 άμπυκας
287 2667 423 2705 ἵππους
465 2666 519 2698 hic
558 2677 674 2700 noster
708 2670 812 2702 habet
847 2682 885 2710 s,

79 2712 158 2747 358.
183 2718 218 2746 et
243 2712 337 2746 alias
379 2715 423 2745 cl.
451 2712 619 2758 Biittigeri
640 2715 773 2759 luseng„
766 2717 884 2748 remid-

80 2757 123 2790 de
150 2761 189 2800 1,
212 2760 245 2794 2
273 2771 305 2803 p.
329 2760 384 2793 87.
422 2758 522 2801 longe
546 2760 725 2794 obscurior
752 2767 802 2794 est
824 2774 886 2795 no-

80 2802 166 2838 tatio
196 2805 290 2838 vocis
321 2803 646 2847 κεκρύφαλος,
683 2807 885 2851 pertgrinae

75 2848 181 2890 illius,
205 2849 271 2883 nisi
296 2851 404 2892 fallor,
430 2850 473 2883 de
497 2863 597 2905 qua
585 2853 685 2886 Sch.·
713 2854 777 2888 τὸν
794 2853 885 2895 πρὸς

78 2891 183 2938 ἡμῶν
203 2894 396 2939 λεγόμενον
412 2896 683 2939 κροκύφαντον
701 2912 764 2933 nec
783 2912 884 2945 aper-

79 2942 168 2976 tiora
186 2942 269 2976 dant
287 2941 342 2975 alii
365 2944 553 2987 grammati
546 2945 595 2985 αἱς
622 2945 714 2979 nisi
705 2948 793 2991 quod
813 2959 884 2981 cor-

81 2993 150 3021 tum
175 2995 251 3028 est,
283 2988 318 3020 id
349 3001 485 3033 quoque
520 2960 775 3035 intelligendum
809 3006 885 3027 esse

81 3045 188 3078 genus
232 3034 400 3079 quoddam
444 3036 630 3071 redimiculi
672 3051 730 3074 seu
767 3040 883 3075 vittae.

909 958 1095 1002 στρεπτῶν
1115 951 1266 999 αμματα
1279 950 1522 999 κεκρυφόλων
1541 951 1628 986 dixit
1645 951 1720 996 epi-

909 1003 1168 1059 grammatarius
1194 1002 1288 1035 Anal.
1315 1002 1349 1034 Q.
1377 1013 1411 1045 p.
1438 1001 1489 1034 13.
1506 1011 1517 1040 ς
1549 998 1637 1032 alius
1670 1000 1723 1032 λι-

909 1049 1122 1097 θοβλήτους
1145 1045 1412 1091 κεκρυφάλους.
1453 1047 1638 1090 lycurgus
1653 1044 1722 1078 Ae—

910 1097 1069 1141 schyleus
1093 1107 1149 1139 ap.
1171 1094 1342 1128 Comicum
1362 1092 1615 1133 Thesm.135.‚
1641 1102 1721 1124 con-

909 1148 1030 1197 specto
1057 1141 1212 1175 Baccho·
1237 1137 1408 1179 ποδαπὸς
1441 1136 1460 1174 ὁ
1487 1136 1634 1193 γύννις,
1668 1138 1724 1178 τίς

910 1187 1058 1231 πάτρα,-
1090 1191 1145 1226 τίς
1178 1182 1199 1229 ἡ
1235 1185 1367 1228 στολῆς
1400 1204 1445 1209 -
1477 1186 1514 1219 τί
1545 1182 1725 1238 βάρβιτος

911 1238 1026 1272 Λαλεῖ
1047 1233 1248 1278 κρωκωτῷ;
1283 1234 1319 1266 τί
1344 1229 1384 1266 δε
1411 1229 1516 1286 Zion·
1539 1228 1726 1275 κεκρυφά-

912 1286 984 1326 λῳ,·
1015 1282 1083 1339 qui
1109 1281 1205 1313 locus
1229 1284 1364 1312 moveat
1389 1276 1616 1322 suspicionem
1643 1289 1725 1321 pro-

914 1335 992 1382 pter
1015 1341 1038 1361 υ
1062 1326 1213 1360 litteram
1244 1325 1464 1370 productam,
1498 1335 1611 1381 quam,
1623 1324 1725 1357 Hom.

914 1374 1039 1418 aliique
1073 1371 1275 1425 corripiunt.
1333 1377 1482 1404 ceterum
1517 1375 1556 1404 ut
1588 1368 1726 1413 ἄμπυξ,

914 1421 966 1454 ita
991 1426 1027 1454 et
1050 1417 1281 1462 κεκρύφαλος
1314 1417 1441 1450 dicitur
1475 1428 1640 1461 equorum
1671 1428 1728 1462 ap.

917 1466 1077 1510 Xenoph.
1106 1466 1128 1498 l.
1159 1465 1243 1505 περὶ
1277 1464 1356 1498 ιππ.
1382 1464 1425 1504 6,
1451 1464 1484 1497 8.
1518 1468 1554 1497 et
1587 1466 1727 1507 Κννηγ.

918 1513 960 1554 6,
985 1514 1040 1552 7.‚
1066 1511 1140 1545 scil.
1165 1510 1388 1545 retinaculum
1413 1520 1475 1543 seu
1501 1509 1633 1564 lorum,
1661 1521 1728 1554 quo

918 1560 1049 1592 frenum
1083 1557 1243 1601 alligatur
1275 1557 1317 1590 ad
1353 1560 1459 1600 caput
1493 1555 1584 1601 equi.
1622 1536 1729 1601 quod

918 1610 1095 1650 superest,
1135 1603 1417 1647 ἀναδέσμην
1443 1601 1501 1635 alii
1526 1614 1582 1647 ap.
1607 1602 1673 1648 Ap.
1697 1603 1730 1636 h.

918 1663 954 1685 v.
978 1651 1255 1708 interpretantur
1277 1649 1462 1693 διάδημα,
1496 1649 1554 1682 alii
1585 1650 1731 1693 μίτραν.

918 1697 1013 1741 πλὴν
1045 1699 1185 1740 κόσμου
1220 1694 1340 1738 εἶδος,
1385 1694 1521 1749 inquit,
1551 1695 1632 1738 περι
1666 1695 1734 1752 τήν

918 1743 1094 1789 κεφαλήν.
1141 1742 1205 1778 καὶ
1241 1742 1314 1778 ἔστι
1350 1743 1424 1777 ταῖν
1460 1738 1560 1783 ἅπαξ
1591 1740 1730 1787 εἰρημέ-

919 1805 1006 1825 van.
1040 1809 1085 1815 —
1128 1791 1173 1824 cf.
1205 1789 1331 1823 similes
1364 1789 1459 1823 locos
1483 1789 1643 1833 Aeschyli
1669 1791 1734 1834 Ag.

922 1838 1022 1874 1155.
1048 1842 1084 1870 et
1109 1835 1286 1880 Euripidis
1313 1836 1439 1869 Phoen.
1468 1833 1558 1870 1410
1577 1847 1675 1892 sequ.

968 1883 1196 1918 470—474.
1244 1880 1527 1926 κρήδεμνον.
1577 1881 1620 1924 ξ’,
1658 1879 1736 1917 184.

922 1931 1075 1964 Krause:
1099 1928 1240 1970 „dieses
1262 1928 1451 1971 n917'6.hat
1465 1927 1656 1973 Aphrodite
1675 1927 1737 1962 der

924 1975 1159 2011 Andromache
1202 1986 1253 2008 am
1300 1975 1491 2017 Brauttage
1535 1974 1736 2018 geschenkt.

923 2022 1013 2056 Eine
1041 2021 1134 2061 Idee,
1162 2020 1219 2054 die
1245 2020 1359 2054 Catull
1385 2032 1415 2053 ιι.
1438 2019 1572 2054 Statius
1596 2020 1653 2054 bei
1676 2021 1737 2055 der

923 2067 1183 2110 Beschreibung
1202 2067 1264 2100 der
1288 2066 1458 2101 Hochzeit
1479 2066 1543 2100 der
1559 2067 1685 2101 Thetis
1704 2078 1736 2100 u.

923 2114 1112 2149 Harmonia
1144 2111 1376 2146 wiederhohlt
1407 2113 1530 2148 haben.
1586 2113 1737 2156 Aphrod.

925 2161 972 2194 ist
995 2159 1150 2193 Geberin
1175 2159 1236 2192 des
1260 2159 1480 2200 LiebreizeS‚
1517 2159 1559 2202 3,
1585 2160 1654 2199 54,
1679 2159 1736 2194 64.

925 2207 1008 2251 (14,
1038 2207 1123 2247 198,
1154 2206 1275 2250 199.),
1301 2206 1445 2239 Hesiod.
1466 2208 1554 2249 Εργ.
1575 2208 1628 2242 65.
1654 2206 1738 2239 Die—

919 2264 984 2287 ·seu
997 2251 1121 2285 erhielt
1131 2252 1365 2285 Audremache
1379 2251 1486 2285 durch
1498 2251 1738 2295 denSchleier‚

927 2299 991 2332 den
1021 2298 1072 2330 sie
1093 2309 1144 2330 am
1174 2299 1367 2341 ·ssrauttage
1392 2303 1484 2342 trug.
1509 2318 1553 2324 —
1583 2298 1649 2331 Die
1674 2298 1739 2331 Er-

927 2345 1102 2388 wahnung
1123 2343 1236 2378 dieses
1267 2344 1472 2378 Umstandes
1501 2356 1533 2378 u.
1560 2344 1615 2378 die
1637 2342 1739 2377 Erin-

930 2402 1064 2434 neruug
1089 2401 1131 2422 an
1163 2390 1236 2423 ihre
1260 2391 1450 2424 Sehiinheit
1476 2390 1526 2424 als
1556 2391 1663 2424 Braut
1684 2401 1741 2424 er-

931 2438 1014 2471 ΙιώΙιι
1038 2437 1111 2469 hier
1135 2436 1195 2469 das
1218 2436 1435 2470 Mitleidenf‘
1463 2456 1499 2461 -
1513 2435 1660 2526 y5'6vcc.
1689 2450 1739 2480 π,

935 2485 1022 2525 178,
1052 2483 1116 2516 190
1135 2488 1202 2516 etc.
1234 2502 1276 2507 -—
1310 2482 1481 2527 γαλόῳ.
1546 2485 1659 2522 ,122.
1697 2503 1738 2508 —

934 2529 1193 2570 εἰνατέρες.
1229 2527 1269 2571 ζ’,
1295 2531 1374 2565 383.
1399 2548 1445 2554 -·
1479 2496 1598 2570 α’λις.
1630 2527 1676 2576 β,
1697 2532 1743 2566 90

934 2584 1001 2609 etc.
1028 2596 1069 2601 —
1098 2574 1250 2620 εἶχον,
1277 2579 1454 2619 κατεῖχον,
1480 2556 1741 2610 manebant.—

934 2620 1058 2664 άτυζ.
1097 2621 1136 2664 ζ’,
1161 2624 1216 2658 38.
1255 2634 1342 2664 quac
1367 2628 1619 2655 consternatam
1645 2624 1742 2656 illam

932 2670 1025 2703 inter
1046 2681 1082 2703 sc
1106 2669 1327 2709 cohibebant,
1359 2670 1537 2712 quominus
1562 2681 1598 2703 se
1619 2670 1743 2713 perde-

932 2722 1010 2755 rct,
1035 2727 1073 2749 se
1094 2715 1259 2759 dejiceret
1277 2715 1318 2747 de
1339 2715 1424 2748 turri
1445 2721 1511 2747 etc.

978 2741 1057 2797 4⁹75.
1107 2762 1234 2805 odyss
1260 2759 1298 2803 ε’,
1325 2759 1415 2803 458,
1441 2759 1493 2804 ω’,
1518 2761 1597 2796 348.
1630 2761 1673 2795 cs.
1704 2761 1740 2795 ll.

932 2805 974 2849 λ’,
998 2809 1089 2851 359,
1117 2806 1160 2847 6¹,
1187 2809 1263 2842 152.

978 2854 1056 2890 47'.6
1107 2857 1188 2907 Apa
1224 2851 1493 2898 αμβλήδην.
1538 2851 1619 2888 οἷον
1653 2865 1741 2887 ανα-

931 2900 1117 2955 βολᾴδην,
1146 2898 1220 2935 <ind
1246 2902 1456 2944 προοιμίου.
1500 2897 1742 2955 apt{32.71'6·rlv

932 2946 1124 2990 γοόωσα
1149 2947 1269 2980 κατὰ
1297 2947 1427 2991 δμωῇ
1441 2958 1514 2979 σιτ
1539 2947 1616 2989 (sic
1638 2947 1740 2980 etim·

933 2995 975 3027 H
970 3007 1073 3027 »tuen
1111 2994 1217 3027 rode-x
1253 2994 1345 3037 1.qu
1381 3002 1416 3027 et
1454 2992 1594 3035 Dionys.
1629 2993 1740 3029 Balio.

932 3041 1014 3085 περὶ
1041 3043 1146 3076 σινθ.
1176 3053 1206 3085 p.
1238 3042 1310 3080 15„
1335 3040 1394 3074 sed
1422 3039 1529 3074 miuus
1554 3039 1671 3082 bene.)
1697 3038 1740 3074 ἕ-
