1847 3277
620 166 1057 207 ΙΛΙΑΔΟΣ
1110 167 1166 206 Π

1633 167 1716 206 327

210 275 307 320 ἀλλ’
341 277 423 320 αἰεί
450 292 495 319 τε
523 275 632 326 Διὸς
661 277 876 328 κρείσσων
905 274 1011 326 νόος
1038 273 1169 344 ἠέπερ
1202 272 1397 326 ἀνδρῶν,

221 333 344 387 [ὅστε
373 334 446 376 καὶ
474 332 659 386 ἄλκιμον
689 332 829 387 α’νδρα
859 336 1009 388 φοβεῖ,
1038 332 1112 374 καὶ
1143 329 1348 385 ἀφείλετο
1378 331 1506 387 νίκην

108 396 192 436 690
225 392 424 446 ῥηϊδίως,
457 389 527 433 ὅτε
558 389 598 433 6’
631 388 762 441 αὐτὸς
792 390 1055 444 ἐποτρύνῃσι
1084 386 1322 456 μα’χεσθαι
1337 389 1353 441 ]

223 447 272 499 ός
303 449 347 490 οἰ
374 447 448 490 καὶ
475 445 571 489 τότε
599 446 749 499 θυμὸν
779 446 843 489 ἐνὶ
872 446 1104 502 στήθεσσιν
1132 445 1308 515 ἀνῆκεν.

284 502 428 546 ’Ἐνθα
457 505 555 546 τίνα
584 508 782 558 πρῶτον,
811 504 909 546 τίνα
937 473 982 547 6'
1012 503 1204 546 ὕστατον
1233 498 1502 553 ἐξενάριξας,

222 559 509 615 Πατρόκλεις,
542 559 613 603 ὅτε
645 559 699 616 δή
731 572 777 603 σε
807 561 905 603 θεοὶ
934 558 1181 603 θάνατόνδε
1212 556 1453 607 κάλεσσαν,-

287 616 533 687 ’Ἄδρηστον
563 619 643 671 μὲν
671 622 844 670 πρῶτα,
875 617 948 659 καὶ
980 616 1232 666 Αὐτόνοον,
1263 614 1337 657 καὶ
1354 612 1586 668 ”Εχεκλον,

106 677 188 718 695
218 675 292 716 καὶ
322 674 524 746 Πέριμον
540 673 791 745 Μεγάδην,
822 674 893 716 καὶ
920 671 1170 728 Ἐπίστορα,
1202 672 1274 715 καὶ
1308 671 1627 723 Μελάνιππον,

224 728 365 784 αὐτὰρ
398 730 522 774 ἔπειτ’
540 729 752 783 ’Έλασον,
786 731 858 774 καὶ
890 731 1125 777 Μούλιον,
1161 729 1237 785 η’ὁὲ
1269 727 1533 784 Πυλάρτην·

221 787 327 838 τοὺς
358 787 474 842 ξ’,λεν

507 805 551 830 οι
581 787 627 831 δ’
656 787 782 832 ἄλλοι
812 787 986 844 φύγαδε
1016 786 1219 843 μνώοντο
1250 785 1442 836 ἕκαστος.

271 892 390 925 urbem
414 891 524 936 ipsam
547 896 682 925 tutatur
705 890 851 935 Apollo,
874 889 1048 935 tertioque
1073 889 1176 924 muris
1202 889 1423 924 deturbatum
1449 886 1644 922 Patroclum
1668 885 1722 919 in-

183 942 315 981 crepat.

267 1014 410 1060 ’Ἐνθα
438 1034 515 1061 κεν
539 1015 768 1068 ὑψίπυλον
803 1017 966 1071 Τροίην
996 1014 1098 1058 ἕλον
1127 1012 1218 1065 υἷες
1243 1012 1428 1069 Ἀχαιῶν

221 1074 483 1144 Πατρόκλου
513 1072 600 1117 ὑπό
632 1075 751 1127 χερσί
781 1072 984 1142 (περιπρο
1014 1071 1099 1142 γάρ
1132 1072 1244 1140 ἔγχεϊ
1271 1072 1432 1124 θῦεν),

110 1131 193 1170 700
223 1129 259 1170 εἰ
285 1130 343 1185 μὴ
373 1130 593 1174 Ἀπόλλων
625 1132 791 1184 Φοῖβος
817 1128 1040 1184 ἐϋδμήτου
1072 1128 1141 1171 ἐπὶ
1171 1127 1345 1199 πύργου

222 1184 345 1242 ἔστη,
376 1191 437 1257 τῷ
469 1187 575 1232 ὀλοα
607 1186 832 1242 φρονέων,
868 1187 1065 1260 Τρώεσσι
1097 1184 1141 1228 δ’
1173 1184 1363 1240 ἀρηγών.

220 1243 313 1296 τρὶς
342 1244 421 1298 μὲν
452 1243 514 1288 ἐπ’
544 1243 746 1298 α’γκῶνος
777 1248 833 1299 βῆ
867 1245 1027 1299 τείχεος
1056 1241 1247 1298 υψηλοῖο

213 1300 495 1354 Πάτροκλος,
526 1303 617 1371 τρὶς
647 1300 689 1345 δ’
725 1300 862 1344 αὐτόν
893 1300 1230 1370 ἀπεστυφέλιξεν
1255 1296 1497 1349 Ἀπόλλων,

215 1359 397 1413 χείρεσι»)
426 1360 676 1416 ἀθανάτῃσι
705 1374 893 1415 φαεινην
920 1355 1083 1401 ἀσπίδα
1112 1356 1303 1401 νύσσων

95 1499 176 1533 688.
201 1498 320 1545 Lips„
345 1501 464 1540 Harl„
489 1500 648 1544 Townl„
682 1504 783 1536 Vrat.
807 1503 856 1544 b.,

47 1544 102 1586 d.‚
128 1548 175 1587 A,
212 1558 299 1580 unus
325 1547 474 1581 Vindob.
507 1553 542 1581 et
568 1549 673 1584 Ven.·
709 1547 858 1593 ἀνδρός.

50 1590 112 1624 sed
136 1592 249 1626 Schol.
278 1594 385 1627 Ven.:
412 1607 470 1638 γρ.
493 1592 665 1639 ἀνδρῶν,
685 1597 782 1653 quod
807 1596 858 1630 le-

47 1636 144 1681 gitur
166 1638 200 1671 in
227 1640 378 1684 vulgatis
403 1641 480 1674 edd.
505 1641 557 1675 Ε.
583 1641 718 1687 ἀνδρὸς
742 1641 768 1687 ἢ
791 1641 859 1677 ἀν-

48 1685 159 1726 δρῶν.
186 1685 229 1718 de
252 1686 425 1720 sententia
449 1689 494 1721 cf.
561 1692 674 1730 ‚176.
711 1690 764 1721 Ex
788 1690 834 1723 H.

92 1732 183 1772 689,
205 1733 285 1767 690.
312 1734 437 1767 absunt
459 1734 495 1767 1ιί
520 1747 641 1770 versus
666 1749 686 1770 a
711 1737 858 1791 Veneto,

47 1787 134 1821 quos
166 1778 346 1823 imperitus
378 1780 494 1814 nescio
530 1782 607 1826 quis
638 1783 790 1826 sublegit
815 1781 859 1827 ρ’,

50 1824 128 1857 177.
155 1824 286 1859 delevit
309 1837 368 1860 eos
392 1827 432 1860 P.
458 1827 619 1872 Knight„
651 1829 784 1863 uncinis
807 1829 862 1863 in-

46 1870 150 1903 clusit
173 1871 231 1902 W.

95 1918 310 1953 691—693.
354 1931 422 1959 ος,
471 1917 572 1960 Ζεύς.
606 1940 647 1947 -
698 1920 861 1965 θυμὸν

50 1959 227 2051 ἐΞνΞῆκεν
237 1965 621 2057 ,ἑποίΐαυίιδὲιᾷιίιηιιπμ
632 1968 752 2050 30612,
714 1967 752 2009 ε’,
777 1969 863 2047 405Εἒ

127 2034 138 2049 ,
170 2023 194 2052 η
350 2025 371 2045 n
556 2014 585 2056 ξ’
724 2022 780 2049 etc

50 2055 142 2088 Ket
167 2056 212 2090 H.
241 2076 278 2080 —
321 2060 443 2094 θεοί.
477 2072 578 2095 unum
612 2061 731 2095 Jovem
764 2061 859 2104 dicit,

49 2107 87 2134 ut
103 2101 208 2136 solum
228 2102 424 2147 Neptunum
446 2119 550 2151 supra
569 2109 648 2144 381.
668 2128 714 2133 —
740 2106 859 2142 ἔνθα

50 2149 158 2182 τίνα
177 2155 244 2182 etc.
269 2149 307 2193 5,
329 2153 409 2188 703.
443 2155 570 2199 „Virg.
594 2156 677 2188 Aen.
699 2157 752 2195 11,
773 2155 859 2189 664:

47 2205 146 2238 quem
184 2197 253 2229 telo
289 2200 463 2241 primum,
505 2213 604 2246 quem
637 2207 858 2257 postremum,

49 2251 174 2283 aspera
198 2243 318 2287 virgo,
331 2246 544 2337 cfDejicis?“
581 2248 633 2282 Cl

45 2287 297 2323 κάλεσσαν.
442 2296 556 2335 2,9.7

95 2333 222 2370 694-
232 2337 311 2371 696.
331 2293 462 2374 chorum
498 2340 698 2374 bellatorum
723 2339 860 2394 plurimi

51 2379 162 2437 ignoti
180 2388 270 2436 sunt,
291 2383 446 2420 Perimus
466 2386 683 2444 (Msycm'n
696 2400 724 2428 ς,
743 2384 860 2432 ἤγουν

52 2439 97 2460 ου
122 2425 244 2508 πατήρ
269 2425 314 2475 ἦν
340 2431 468 2475 Μέγας
490 2430 620 2477 κύριον
648 2433 768 2476 ὄνομα
793 2438 860 2469 ete.

52 2472 137 2517 Ε.),
165 2475 309 2520 Epistor
333 2484 369 2511 et
389 2479 512 2513 Elasus
546 2480 677 2514 nonnisi
701 2481 733 2513 h.
751 2480 771 2513 l
798 2491 859 2513 no-

53 2520 231 2555 minantur.
282 2523 447 2559 Adrastus
486 2526 543 2560 hic
577 2526 665 2560 alius
701 2526 860 2559 nimirum

53 2571 107 2600 est
129 2573 233 2612 atque
253 2569 311 2603 ille
335 2570 384 2613 ζ’,
408 2573 476 2613 37,
506 2584 604 2617 quem
631 2577 859 2616 Agamemnon

51 2613 224 2656 trucidat3
259 2628 322 2650 nec
334 2617 530 2672 quidquam
555 2619 738 2664 prohibet,
772 2629 860 2673 quo-

51 2659 158 2693 minus
191 2663 421 2707 cognominem
460 2666 615 2710 Meropis
647 2665 753 2698 filium
784 2661 860 2709 (β’,

52 2707 149 2750 830)
174 2707 241 2743 dici
266 2716 430 2765 putemus.
464 2711 522 2744 alii
547 2716 626 2744 sunt
648 2711 729 2745 item
751 2715 860 2747 Auto-

55 2763 139 2786 nous
157 2754 314 2790 'Achaeus
339 2754 380 2799 λ’,
404 2759 485 2798 301,
508 2757 680 2791 Echeclus
694 2759 861 2803 Agenoris

14 2834 16 2842 y
52 2797 141 2832 filius
163 2798 218 2842 v',
240 2801 331 2844 474,
368 2803 495 2837 Munus
520 2804 645 2837 ibidem
679 2810 714 2838 et
725 2805 861 2859 Pylar-

53 2850 106 2878 tes
139 2843 167 2879 λ’
178 2826 291 2889 ,⁹491.
320 2828 370 2883 ’de
393 2849 605 2896 Melanippis
636 2862 670 2885 ν.
703 2848 757 2893 ο’,
782 2852 863 2887 547

55 2891 87 2925 Ε
108 2892 166 2935 Sp.
192 2905 248 2937 ap.
273 2895 316 2929 K.

8 2931 17 2969 -l
102 2939 182 2974 697.
224 2940 406 2986 φύγαδε
437 2940 666 2985 μνώοντο.
706 2944 738 2977 11.
763 2955 792 2978 e.
818 2942 860 2978 τὸ

57 2984 223 3029 φύγαδε,
253 2988 528 3033 quemadmodum
553 2989 692 3023 Persius
728 2991 768 3031 1,
795 2989 862 3024 49·

13 3035 17 3070 ιζ
54 3043 137 3066 nam
156 3033 249 3068 Belle
273 3035 336 3069 hoc
353 3040 472 3070 excute
494 3040 615 3070 totum.
639 3035 863 3071 meminerunt

660 2268 706 2273 —
750 2246 857 2282 θάν-

13 3148 18 3277 i

905 1501 1050 1547 quisque
1073 1501 1172 1535 verbi
1199 1499 1363 1544 φύγαδε,
1389 1497 1483 1551 quod
1508 1497 1595 1531 alter
1619 1495 1721 1530 alteri

905 1548 1120 1587 acclamavit,
1145 1549 1176 1582 h
1190 1560 1219 1581 e.
1242 1547 1331 1602 tpv'y3
1349 1543 1586 1589 τρεπώμεθα,
1612 1543 1722 1588 aptis-

905 1595 990 1628 sime
1009 1600 1171 1639 usurpata
1191 1594 1302 1638 ellipsi
1324 1594 1357 1627 in
1377 1597 1474 1626 tanta
1491 1592 1608 1624 tu1·.ba
1627 1592 1721 1634 μνᾶ-

907 1643 998 1675 σθαι
1023 1652 1146 1674 accus
1150 1642 1221 1674 tivo
1243 1642 1397 1685 junctum
1423 1638 1549 1681 legitur
1573 1637 1613 1679 ζ’,
1639 1639 1721 1678 222,

939 1688 1065 1728 ,523,
1092 1686 1221 1729 odyss.
1247 1686 1285 1721 ω’
1297 1713 1307 1728 ,
1337 1688 1437 1727 122,
1464 1690 1502 1717 ut
1527 1684 1588 1728 Sp.
1616 1696 1722 1717 anno-

904 1735 1004 1768 tavit.
1034 1713 1119 1766 dbre
1131 1734 1160 1767 Ε
1173 1734 1420 1787 interpretatur
1435 1729 1622 1774 ἐμνώοντο
1636 1727 1723 1773 ὁρό-

907 1794 981 1824 μου
1002 1782 1052 1819 εἰς
1065 1781 1202 1835 φυγήν,
1227 1781 1261 1814 Η
1282 1778 1466 1824 ἐμνώοντο
1487 1779 1554 1811 τοῦ
1577 1775 1724 1822 φύγαδε

907 1827 1121 1871 τρέπεσθαι.
1156 1828 1252 1861 mitto
1279 1826 1526 1860 emendatores.

953 1873 1158 1909 698-704
1213 1873 1315 1908 Sch.:
1348 1872 1612 1915 ύψίπυλον.
1653 1869 1723 1914 (ζ’,

906 1922 993 1960 416.
1021 1918 1080 1963 φ’,
1105 1919 1204 1963 544.)
1230 1918 1399 1972 ὑψηλήν,
1423 1917 1598 1962 μεγάλην
1624 1918 1722 1961 (pot-

907 1972 959 2000 est
983 1956 1065 2000 5ane
1089 1978 1158 2000 vox
1180 1967 1231 2000 ita
1250 1965 1394 2010 intelllgi
1422 1976 1442 1998 a.
1468 1969 1721 2008 consequente3

905 2012 967 2047 sed
1005 2013 1239 2047 excelluerunt
1289 2020 1425 2047 veteres
1467 2009 1723 2054 magnificentia

906 2059 1143 2093 aedificiorum
1173 2059 1407 2103 publicorum,
1433 2056 1467 2090 in
1493 2058 1616 2102 quibus
1641 2068 1725 2101 por-

905 2112 1025 2139 tarum.
1058 2118 1089 2150 q
1094 2106 1135 2139 xis
1153 2106 1292 2150 ignorat
1310 2103 1559 2159 Aegyptiorum
1578 2103 1723 2136 Thebas

906 2150 1208 2195 εκατομτιύλους,
1245 2164 1331 2196 quas
1375 2152 1478 2185 etiam
1503 2150 1604 2182 Hom.
1630 2149 1723 2182 cele-

905 2199 1021 2232 bravit
1045 2199 1067 2234 ι’
1081 2226 1087 2236 .
1114 2200 1179 2234 381
1200 2198 1347 2235 —384'2
1370 2217 1416 2223 ——
1446 2194 1656 2240 περιπρὸ
1677 2213 1723 2220 —-

905 2246 1038 2280 θῦεν.
1068 2244 1111 2288 λ’,
1139 2247 1217 2280 180.
1239 2265 1285 2271 —-
1315 2245 1427 2286 τρίς.
1456 2254 1628 2276 numerum
1651 2248 1722 2275 ter-

907 2292 1038 2326 narium
1064 2298 1099 2325 et
1116 2298 1226 2325 ortum
1246 2303 1289 2325 ex
1306 2292 1363 2325 illo
1387 2289 1607 2325 novenarium
1635 2289 1722 2332 (785

907 2339 989 2382 etc.)
1015 2350 1181 2382 usurpare
1206 2338 1294 2372 solet
1313 2338 1434 2378 Ηοιιι.,
1461 2347 1535 2370 cum
1561 2346 1616 2369 res
1644 2347 1723 2369 sae-

908 2385 986 2431 pius
1011 2385 1122 2418 factas
1148 2384 1244 2417 dicit.
1269 2397 1300 2417 v.
1330 2385 1391 2429 Sp.
1418 2395 1473 2428 ap.
1494 2383 1536 2415 K.
1564 2387 1610 2423 et,
1636 2391 1722 2425 quos

907 2437 1066 2465 auctores
1101 2429 1244 2473 citavit,
1290 2431 1322 2465 E
1357 2442 1433 2466 ann.
1471 2429 1514 2462 ad
1550 2427 1606 2470 α’,
1641 2428 1720 2463 213.

906 2478 947 2508 V
952 2477 1029 2511 lc.k
1056 2476 1099 2511 ad
1121 2477 1273 2511 Theocr.
1292 2479 1334 2518 2,
1355 2477 1412 2518 43,
1439 2477 1536 2510 Voss.
1556 2474 1599 2508 ad
1624 2474 1722 2517 Virg.

907 2524 969 2557 Ec!
963 2536 1027 2568 og.
1049 2525 1081 2567 8,
1100 2524 1178 2558 371
1184 2524 1201 2566 )
1227 2521 1461 2567 ἀγκῶνος.
1482 2522 1551 2557 νῦν
1569 2522 1634 2565 τῆς
1653 2520 1724 2555 τοῦ

905 2570 1050 2613 τείχους
1082 2568 1220 2615 ἐξοχῆς.
1255 2570 1388 2614 (Schol.
1414 2573 1465 2604 A:
1500 2570 1656 2624 γωνίας,
1688 2570 1724 2600 et

905 2617 1060 2650 similiter
1094 2617 1149 2659 Ε,
1184 2616 1242 2661 qui
1275 2616 1463 2661 adscripsit.
1496 2613 1641 2673 κύρ-,ῳ
1662 2612 1723 2648 ἐπὶ

906 2660 1109 2707 προῦχοντι
1133 2677 1151 2698 e
1173 2676 1226 2708 χ,
1247 2664 1303 2698 97.
1338 2663 1512 2707 Hesych:
1540 2659 1676 2706 ἀγκών.
1701 2655 1723 2704 ἦ

906 2714 976 2745 τοῦ
1001 2723 1050 2744 τε
1048 2713 1146 2754 ’χους
1169 2708 1309 2752 καιιπή.
1334 2713 1460 2743 norant
1476 2710 1545 2753 jam
1565 2715 1633 2741 tum
1651 2718 1723 2740 mu-

907 2767 964 2790 ros
988 2757 1023 2790 in
1054 2758 1170 2791 orbem
1195 2757 1319 2790 ductos
1349 2755 1563 2799 distinguere
1596 2753 1722 2799 promi-

908 2803 1068 2836 nentibus
1093 2803 1247 2847 angulis,
1272 2802 1399 2847 quibus
1418 2801 1621 2835 intermedia
1647 2806 1724 2834 tue-

909 2855 1051 2890 rentur,
1089 2849 1227 2883 armatis
1252 2848 1452 2893 dispositis3
1489 2847 1581 2891 quod
1614 2858 1724 2891 genus

910 2896 1107 2929 munimenti
1133 2895 1234 2929 hodie
1258 2900 1386 2928 vocant
1413 2895 1468 2927 cin
1495 2894 1651 2934 Rondel,
1685 2898 1723 2928 ut

910 2941 942 2974 H
968 2942 1177 2997 annotavit)
1222 2938 1619 2982 ἀπεστυφέλιξεν.
1655 2937 1720 2983 (σ’,

910 2989 1009 3032 158.)
1035 2986 1266 3023 ἀπεσείσατο.
1290 3007 1330 3012 -
1361 2986 1543 3020 simillimos
1569 2987 1648 3020 huic
1672 2987 1722 3020 Ιο-

909 3046 968 3069 cos
993 3035 1023 3069 K
1062 3035 1198 3069 notavit
1231 3033 1281 3075 ε’,
1304 3034 1385 3068 436.
1418 3038 1455 3067 et
1485 3030 1542 3074 ν’,
1567 3031 1648 3070 445.
