1847 3277
675 145 1101 187 ΙΛΙΑΛΟΣ
1161 148 1209 186 Τ.

1689 148 1744 187 93

261 256 343 298 αἰεὶ
373 254 480 313 τῷδ’
511 255 628 298 ἔσται
641 271 773 324 χρως
804 254 1001 323 ἔμπεδος,
1031 251 1060 308 ἢ
1088 251 1161 295 καὶ
1190 249 1362 305 άρείων.

262 312 372 355 άλλοὶ
404 301 505 382 σύγ’
535 313 594 361 εἰς
625 310 794 381 ἀγορήν
823 309 1008 360 καλέσας
1036 309 1184 376 ήρωας
1212 306 1427 362 Ἀχαιούς,

175 371 229 414 35
259 372 391 429 μῇνιν
420 366 643 411 άποειπών
669 367 974 436 Ἀγαμέμνονι,
1003 364 1178 434 ποιμένι
1207 367 1352 414 λαῶν,

261 424 371 475 αἶψα
399 423 500 479 μάλ’
528 424 572 474 ἐς
601 423 791 479 πόλεμον
819 423 1073 494 θωρήσσεο,
1107 419 1238 464 δύσεο
1274 422 1300 463 6
1348 417 1494 476 ἀλκήν.
1505 425 1532 446 “

325 480 408 530 ’Ὡς
438 481 522 533 ἄρα
553 481 795 551 φωνήσασα
823 481 954 535 μένος
982 476 1261 530 πολυθαρσὲς
1291 476 1434 532 ἐνῆκε·

260 537 518 605 Πατρόκλῳ
532 536 575 580 6’
605 536 697 579 avt’
728 536 974 607 ἀμβροσίην
1002 537 1077 578 καὶ
1106 534 1262 586 νέκταρ
1297 502 1491 587 ἐρυθρὸν

259 592 384 644 στάξε
413 592 524 636 κατὰ
556 594 714 647 ῥινῶν,
750 595 822 636 ἴνα
854 595 898 636 οἱ
925 592 1038 648 χρως
1068 591 1249 647 ἔμπεδος
1278 590 1356 645 εἴη.

396 694 556 728 egressus
580 683 614 716 in
639 683 808 728 publicum
834 682 984 716 Achilles
1008 681 1205 714 concionem
1229 685 1343 713 vocat.

170 764 224 804 40

340 758 491 816 Αὐταρ
522 759 545 804 ὁ
561 764 632 830 βῆ
658 760 778 814 παροέ
808 766 916 804 θῖνα
945 757 1191 830 θαλάσσης,
1221 759 1316 808 δῖος
1339 754 1575 812 Ἀχιλλεύς,

256 817 495 887 σμερὸαλέα
525 817 680 873 ἰάχων,
715 823 856 873 ωρσεν
887 815 931 860 δ’
962 816 1108 872 ἥρωας
1129 814 1341 885 Ἀχαιούς.

257 876 331 917 καί
362 872 407 930 ρ’
438 875 561 928 οίπερ
592 874 786 929 τοπάρος
815 891 862 929 γε
893 877 1004 916 νεῶν
1020 873 1079 926 ἐν
1115 870 1253 927 ἀγῶνι
1283 870 1522 926 μένεσκον,

208 936 225 955 *
259 932 376 973 οἵτε
407 934 672 986 κυβερνῆται
701 933 774 974 καὶ
804 932 901 986 ἔχον
931 928 1049 984 οἰήϊα
1079 945 1219 983 νηων,

249 987 322 1030 καὶ
352 989 500 1042 ταμίαι
528 987 644 1041 παροὲ
676 989 834 1043 νηυσὶν
864 989 989 1038 ε’,σαν
1022 986 1160 1028 σίτοιο
1193 987 1397 1039 δοτῆρες,

80 1097 181 1138 τέλος
212 1097 374 1142 φέροντα
407 1097 453 1134 τὰ
479 1097 660 1142 φυόμενα.
699 1100 806 1133 verba
839 1099 887 1134 si-

80 1144 205 1178 militer
236 1145 422 1189 composita
447 1146 480 1178 Τ
484 1145 630 1178 hiersch.
666 1157 700 1190 p.
725 1148 804 1180 229.
830 1158 887 1179 re-

80 1195 198 1224 censet
211 1192 294 1224 haec
305 1191 527 1235 ἐγχέσπαλος,
543 1193 778 1232 σακέσπαλος,
796 1191 886 1226 θέσ-

80 1249 216 1292 φατος,
259 1237 453 1278 θέσκελος,
491 1237 643 1279 θέσπις,
685 1235 886 1281 ὀρέστερος,

80 1282 291 1337 φερέσβιος,
330 1295 392 1328 pro
429 1282 621 1327 ἕγχέπαλος
660 1290 726 1317 etc.
768 1287 884 1319 eadem

79 1329 153 1361 fere
177 1331 308 1363 ratione
330 1329 466 1374 Jupiter
489 1335 631 1364 vocatur
653 1330 885 1375 τελεσφόρος,

79 1374 227 1419 itemque
253 1376 375 1415 Ceres,
402 1388 488 1419 quae
512 1382 667 1410 maturat
690 1377 818 1420 fruges.
841 1396 887 1402 —

78 1420 179 1454 8011..
204 1421 321 1476 χρώς
347 1401 562 1477 ε”,.μπεδος
581 1421 622 1455 τὸ
643 1421 886 1466 σωμαόἶφθο-

78 1478 160 1509 902.
181 1486 221 1491 —
252 1465 411 1512 η’ρωας
430 1465 657 1516 Ἀχαιούς.
692 1481 724 1503 ν.
741 1481 816 1502 ann.
843 1469 885 1502 ad

78 1512 110 1546 α’
124 1514 191 1553 ,,4
221 1532 267 1539 -
309 1516 472 1568 μῆνιν
492 1527 740 1550 αποειπων
773 1515 885 1558 Ἀγα-

76 1557 290 1602 μέμνονι.
336 1561 366 1593 11.
393 1572 424 1594 0.
449 1557 511 1594 α’π.
536 1564 647 1615 μῆνιν
666 1558 758 1605 ’Ay.,
793 1561 885 1606 quod

77 1605 165 1638 idem
189 1605 282 1639 dicas
314 1604 378 1641 οἷπ.
402 1609 544 1650 μηνίειν
576 1608 650 1641 sive
674 1607 715 1642 τὸ
739 1611 886 1650 μηνίειν

72 1649 156 1695 Ἀγ.,
189 1654 390 1686 renuntians
414 1654 488 1686 irae
518 1655 554 1687 in
579 1656 883 1699 ..dgamemnonem

78 1708 112 1730 v.
137 1697 259 1731 Matth.
288 1701 320 1740 ἓ.
343 1699 430 1739 396,
463 1711 523 1732 nos
548 1712 624 1733 ann.
658 1700 701 1734 ad
726 1701 884 1755 Aeschjl3

78 1742 190 1776 Prom
223 1745 302 1778 591.
343 1743 398 1788 γ’,
434 1745 502 1780 406
536 1746 661 1791 vulgo:
707 1748 809 1781 θεῶν
846 1743 882 1780 δ’

78 1788 232 1824 οἷπόειπε
267 1791 487 1832 κελεύθους,
529 1775 616 1825 ubit,
621 1805 652 1825 v.
687 1804 762 1826 ann.
799 1792 884 1826 alias

77 1835 269 1870 ἀποειπεῖν
295 1841 348 1869 est
372 1837 526 1877 edicere,
551 1849 591 1870 ve
576 1839 646 1871 alut
669 1837 710 1880 ι’,
735 1840 815 1873 309
839 1858 884 1863 -

78 1883 221 1917 δύσεο
248 1880 285 1916 6'
312 1879 466 1925 α’λκήν.
494 1896 507 1916 ι
529 1908 539 1924 ,
563 1886 643 1919 231.

123 1929 179 1963 38
226 1928 326 1962 Sch.:
370 1927 645 1981 ἀμβροσίην.
690 1927 882 1974 θειότητα.

77 1974 204 2008 rectius
224 1974 366 2008 dixisset
384 1973 621 2018 ἀφθαρσίαν
648 1987 723 2009 nam
743 1987 782 2010 eo
805 1988 882 2009 con-

75 2020 151 2053 silio
173 2020 297 2053 Thetis
321 2021 521 2055 ambrosiam
544 2027 579 2055 et
596 2028 712 2055 nectar
733 2022 884 2056 Patrocli

75 2066 212 2099 naribus
234 2066 397 2108 instillat,
428 2079 469 2100 ne
499 2079 536 2101 co
543 2079 626 2111 rpus
661 2069 733 2111 ejus
759 2074 883 2112 putre-

76 2111 155 2145 dine
179 2118 421 2156 corrumpatur.
464 2113 498 2146 in
523 2125 589 2158 quo
615 2117 717 2158 poeta
741 2125 882 2159 expres-

75 2158 163 2190 sisse
186 2157 323 2191 videtur
347 2170 471 2193 morem
493 2161 752 2204 Aegyptiorum,
776 2161 880 2194 cada-

75 2214 160 2236 vera
190 2204 431 2246 conclientium3
469 2205 511 2239 de
545 2207 666 2262 quibus
698 2205 880 2259 Aegyptiis

78 2248 208 2282 Herod.
230 2251 274 2290 2,
293 2252 367 2285 86..·
394 2253 522 2295 πρῶτα
545 2249 623 2295 μὲν,
648 2252 770 2296 inquit,
797 2263 879 2286 σκο-

77 2295 144 2339 λιῷ
178 2294 316 2340 σιδήρῳ
349 2297 412 2331 διὰ
443 2299 517 2332 τῶν
541 2297 766 2343 μυξωτήρων
796 2297 879 2341 ἐξά-

75 2352 182 2396 γουσι
215 2342 278 2375 τὸν
310 2341 527 2386 ἐγκέφαλον,
569 2345 617 2379 τὰ
655 2345 720 2388 μὲν
761 2343 881 2380 αὐτοῦ

77 2400 176 2422 ουτω
201 2386 407 2431 ἐξάγοντες,
438 2388 483 2424 τοὶ
514 2388 554 2424 δε
579 2390 756 2434 ἐγχέοντες
781 2391 879 2435 φάρ-

74 2446 175 2477 μακα
198 2440 283 2475 etc„
308 2436 366 2468 ubi
391 2447 421 2467 v.
448 2437 552 2469 Bahr.
578 2437 764 2470 Montbel.·
794 2438 881 2479 „les

76 2481 188 2513 Grecs
207 2479 238 2512 d‘
243 2480 355 2521 lonie,
379 2481 437 2526 qui
456 2481 485 2514 n'
490 2482 626 2516 avaient
645 2495 706 2528 pas
726 2489 881 2517 coutume

75 2526 302 2559 d'embaumer
332 2526 380 2560 les
413 2539 532 2571 corps,
566 2529 647 2562 mais
673 2528 731 2574 qui
757 2535 880 2573 putent

76 2572 172 2605 avoir
191 2572 432 2606 connaissance
456 2574 499 2607 de
517 2579 570 2607 cet
591 2586 716 2618 usage,
741 2581 880 2609 crurent

73 2627 139 2661 que
171 2623 262 2651 cette
302 2618 469 2662 premiere
510 2620 686 2664 operation
729 2621 815 2654 etait.
846 2621 879 2655 la

75 2662 168 2696 seule
192 2663 362 2697 condition
387 2664 589 2711 importante
624 2678 712 2710 pour
742 2669 879 2710 preser-

75 2718 136 2741 ver
160 2708 208 2742 les
233 2709 346 2744 chairs
379 2711 422 2744 de
455 2712 487 2745 la
520 2713 760 2767 putrefaction.
773 2716 796 2732 “
833 2712 876 2747 (10

74 2754 245 2788 ambrosia
277 2768 310 2790 v.
345 2768 421 2791 ann.
447 2757 491 2791 ad
524 2757 575 2800 ξ’,
603 2761 690 2800 170,
715 2757 773 2799 π’,
796 2760 875 2794 670.

73 2805 108 2833 et
135 2800 164 2832 H
191 2812 332 2835 excursu
357 2803 398 2835 ad
425 2801 476 2846 α’,
503 2806 581 2840 529,
616 2824 659 2829 -
699 2805 873 2849 νέκταρ

71 2843 296 2889 ἐρυθρόν.
336 2859 368 2881 ν.
392 2847 449 2890 α’,
474 2851 552 2885 593.

116 2892 172 2928 39.
205 2893 299 2927 Harl.
325 2899 361 2926 et
383 2894 501 2939 fragm.
530 2896 705 2930 Moscov.·
729 2916 773 2920 —
806 2895 872 2941 εἶ’-η

67 2933 112 2971 Ἡ
131 2936 198 2980 μὲν
221 2934 284 2981 αρ’
311 2935 359 2979 ὣς
383 2938 499 2983 ἕρξασ’
531 2939 647 2996 οἷπὲβη
677 2941 784 2983 Θέτις
808 2942 872 2985 ἀρ-

67 2982 266 3027 γυρόπεζα·
290 2984 414 3030 Αὐταρ
430 2992 495 3021 etc.
515 2989 564 3022 sic
582 2989 709 3033 Odyss.
726 2987 775 3029 π’,
794 2991 871 3025 177.

930 1096 976 1132 (10
990 1097 1170 1131 Minerva:
1194 1095 1217 1140 ἡ
1242 1093 1309 1139 μὲν
1329 1093 1385 1137 ἄρ’
1405 1108 1455 1134 ως
1477 1092 1612 1139 ἔρξασα
1630 1091 1742 1128 πάλιν

930 1147 1030 1179 κίεν·
1056 1140 1174 1188 αὐτὰρ
1198 1139 1396 1180 Ὀὃνσσενς
1410 1139 1514 1175 ”Ηιεν
1533 1139 1569 1179 ἐς
1572 1141 1741 1195 κλισίην.

932 1198 966 1223 et
991 1189 1075 1223 ibid.
1111 1201 1160 1232 6,
1187 1190 1283 1224 197.:
1320 1185 1352 1240 ἡ
1375 1185 1458 1233 μὲν
1468 1182 1521 1230 ἄρ’
1549 1183 1600 1227 ὡς
1622 1184 1743 1230 ἔρξασ’

932 1236 1166 1282 οἱπεβήσατο,
1193 1237 1256 1270 δῖα
1278 1233 1419 1269 θεάων.
1445 1227 1590 1267 Ηλθον
1615 1231 1648 1266 6’
1671 1231 1742 1274 άμ-

932 1286 1087 1326 ῳίπυλοι
1112 1289 1177 1315 etc.
1218 1282 1265 1314 ibi
1287 1282 1373 1314 haec
1391 1278 1562 1324 sublegit,
1587 1279 1741 1324 quisquis

932 1329 1019 1370 fuit,
1045 1329 1102 1372 qui
1127 1327 1290 1367 inseruit3
1324 1332 1358 1359 et
1385 1326 1473 1360 salet
1496 1325 1630 1380 quidem
1651 1324 1742 1358 indi-

931 1375 1003 1407 cari
1028 1375 1196 1408 discessus
1221 1374 1374 1415 deorum,
1401 1372 1497 1405 velut
1521 1369 1566 1412 α’,
1590 1372 1670 1412 221,
1694 1370 1741 1418 β’,

931 1422 988 1460 35,
1015 1419 1053 1461 ε’,
1081 1422 1146 1455 133
1165 1426 1256 1459 etc.;
1281 1430 1343 1452 nec
1367 1425 1481 1452 tamen
1505 1417 1629 1450 desunt
1653 1418 1740 1455 loca.

930 1467 965 1499 in
991 1467 1113 1509 quibus
1137 1467 1180 1498 de
1204 1477 1244 1498 eo
1268 1465 1400 1506 siletur,
1425 1467 1546 1517 utpote
1562 1463 1696 1497 facile'
1686 1475 1741 1497 ln-

932 1512 1138 1555 telligendo:
1166 1524 1197 1544 v.
1222 1509 1253 1554 y'
1266 1536 1276 1553 ‚
1302 1514 1389 1551 140,
1411 1510 1491 1552 425,
1516 1507 1561 1550 κ’,
1586 1511 1654 1544 512
1673 1516 1739 1544 etc.

979 1559 1044 1599 41,
1070 1557 1125 1593 42.
1155 1559 1306 1601 σμερδ.
1333 1535 1494 1599 ΐοῖἶχων
1520 1553 1560 1598 ε’,
1582 1557 1672 1597 302,
1697 1557 1740 1598 ο’,

930 1605 996 1639 321
1016 1610 1081 1637 etc.
1129 1603 1230 1637 Sch.-
1256 1601 1446 1659 ἐζήτηται,
1462 1601 1526 1637 διά
1547 1601 1661 1637 ποίαν
1681 1603 1740 1637 αἰ-

930 1653 1014 1684 τίαν
1039 1648 1083 1685 οὐ
1107 1652 1238 1695 χρῆται
1248 1650 1396 1708 κήρυκι
1430 1646 1449 1682 ὁ
1482 1646 1536 1691 Ἀχ
1578 1647 1674 1692 πρὸς
1696 1646 1739 1683 τὸ

931 1695 1157 1754 συγκαλέσαι
1188 1695 1278 1737 τούς
1315 1696 1454 1740 ὄχλους.
1502 1693 1636 1747 ρητέον
1671 1708 1740 1731 ουν

929 1740 988 1779 ότι
1022 1742 1110 1783 ε’θος
1141 1742 1238 1777 ἐστὶν
1270 1743 1430 1798 ἀρχαῖον
1461 1739 1581 1776 αὐτοῦ
1605 1743 1738 1776 τοῦτο·

931 1787 1050 1830 ου’τως
1067 1791 1165 1846 ³yofiv
1189 1790 1249 1824 καὶ
1271 1791 1309 1824 ἐν
1331 1803 1385 1842 τη
1395 1787 1430 1821 α’
1447 1786 1626 1835 ῥαψῳδίᾳ
1644 1786 1739 1832 (.54)

932 1850 978 1870 απ
985 1849 1046 1876 τις
1067 1835 1130 1880 'Az-
1157 1839 1336 1879 συγκαλεῖ.
1370 1832 1487 1874 ἄλλως
1522 1846 1560 1868 τε
1583 1833 1646 1868 καὶ
1675 1833 1739 1869 διοὶ

928 1882 996 1927 τήν
1020 1882 1139 1936 χαρὰν
1173 1883 1276 1937 μετὰ
1290 1882 1456 1925 σπουδῆς
1485 1879 1739 1936 συνδεδραμή-

928 1941 1055 1970 κασιν,
1091 1926 1179 1963 ου’δὲ
1211 1942 1297 1968 τους
1320 1927 1483 1973 κήρυκας
1515 1924 1739 1971 ἀναμείναν-

928 1988 996 2016 τες.
1031 1975 1188 2008 similiter
1212 1975 1327 2009 Schol.
1361 1977 1388 2007 A
1420 1980 1455 2007 et
1479 1973 1589 2007 Mose.
1613 1973 1656 2007 ad
1680 1975 1737 2010 83.

927 2042 974 2047 -—
1013 2024 1092 2055 καί
1135 2018 1166 2066 9'
1212 2022 1352 2065 οἵπερ
1391 2037 1435 2044 -
1474 2017 1734 2074 άλεγεινῇς.

928 2079 1042 2101 omnes
1066 2068 1100 2101 in
1125 2068 1320 2101 concionem
1340 2067 1475 2100 xenisse
1491 2065 1596 2107 dicit,
1632 2067 1736 2100 etiam

927 2115 1016 2154 illos,
1043 2114 1101 2158 qui
1123 2114 1207 2147 alias
1225 2119 1400 2147 manerent
1420 2112 1509 2156 apud
1532 2123 1652 2154 naveS,
1671 2124 1735 2157 gu-

926 2160 1127 2194 bernatores
1169 2165 1204 2193 et
1245 2170 1394 2205 promoS.
1420 2177 1464 2182 —
1524 2170 1642 2193 νεων
1685 2159 1734 2194 ἐν

926 2205 1020 2251 (ἐγω
1011 2219 1087 2240 νι.
1112 2204 1143 2241 ο’
1156 2206 1271 2246 4,28.

970 2252 1028 2288 43.
1063 2252 1148 2286 dure
1180 2251 1215 2285 in
1246 2252 1412 2285 vocabulo
1437 2250 1690 2296 κυβερνῆται“
1680 2262 1735 2284 111-

926 2297 1115 2343 telligunt'
1105 2297 1202 2333 ε’σαν.
1229 2298 1416 2332 scribamus
1431 2297 1524 2331 facili
1537 2297 1735 2339 mutatione,

926 2356 1035 2389 neque
1075 2345 1307 2390 ineleganter:
1349 2344 1390 2378 οῖ’
1425 2355 1464 2378 τε
1512 2344 1736 2388 κυβερνῆται

926 2390 1062 2433 (ὄντες)
1087 2394 1238 2435 κατέχον
1262 2390 1367 2434 οἰήϊα
1384 2391 1497 2434 νηῶν,
1522 2395 1555 2423 et
1577 2390 1733 2433 illi‚qu1',

925 2439 1198 2481 gubernatores,
1232 2437 1417 2471 servabant
1441 2437 1554 2469 clavos
1580 2436 1732 2470 navium.

927 2495 1030 2539 saepe
1064 2485 1205 2518 confusa
1235 2483 1297 2518 καὶ
1336 2488 1372 2516 et
1401 2482 1506 2518 κατά.
1542 2501 1578 2506 -
1628 2482 1733 2515 Sch.:

927 2530 1004 2573 οἰή
1015 2535 1075 2564 ϊα.
1101 2531 1248 2575 (Odyss.
1276 2529 1321 2571 ι’,
1345 2530 1433 2567 483,
1459 2530 1548 2569 540,
1572 2525 1628 2570 μ’,
1653 2529 1734 2569 218,

926 2576 1037 2620 Apoll.
1061 2576 1172 2610 Rhod
1201 2579 1239 2618 1,
1262 2575 1361 2633 401.)
1390 2575 1533 2614 οἴακας,
1558 2553 1734 2619 πηὲάλια.

971 2622 1026 2656 44.
1058 2623 1160 2656 Sch.:
1194 2624 1376 2666 ταμίαι.
1411 2635 1445 2656 οι
1471 2618 1632 2665 φύλακες
1658 2621 1732 2654 τῶν

923 2667 1016 2709 πρὸς
1048 2668 1203 2714 τροφήν.
1249 2681 1269 2702 a
1303 2667 1428 2711 τάμω,
1470 2667 1609 2710 τέμνω,
1643 2678 1730 2708 seco,

922 2715 1050 2748 divido.
1091 2716 1242 2759 figurate
1258 2715 1376 2749 Jovem
1398 2713 1486 2747 dixit
1506 2715 1650 2769 ταμίην
1662 2725 1730 2747 πο-

921 2760 1045 2804 λέμοιο
1079 2761 1136 2804 δ’,
1162 2763 1225 2803 84,
1262 2761 1400 2795 Aeolum
1425 2761 1560 2803 ταμίην
1584 2757 1731 2801 ανέμων

922 2807 1050 2853 Odyss.
1081 2807 1131 2849 κ’,
1155 2809 1211 2842 21.
1225 2832 1235 2848 ,
1269 2807 1357 2841 sicut
1388 2819 1454 2840 τον
1477 2807 1612 2848 ταμίαν
1627 2804 1729 2839 Ἴακ-

919 2865 1005 2896 χον,
1032 2855 1063 2889 11.
1081 2867 1111 2888 0.
1137 2854 1307 2887 dominum
1326 2864 1386 2886 seu
1406 2852 1525 2885 ducem
1547 2851 1727 2895 'Ihyadum

920 2901 1115 2941 Bacchum,
1156 2900 1262 2943 Soph.
1297 2899 1411 2941 Antig.
1450 2900 1557 2938 1056,
1597 2897 1656 2932 ubi
1691 2909 1723 2933 v.

919 2946 1118 2990 Musgmw,
1152 2945 1271 2990 Eurip.
1305 2945 1437 2979 Troad.
1469 2945 1547 2980 227.
1580 2955 1724 2990 praeco-

919 3003 992 3026 nem
1015 2994 1153 3036 ταμίαν
1183 2991 1320 3034 μύθων
1354 2991 1517 3035 νεοχμῶν
1542 2996 1607 3024 etc.
1655 3003 1722 3025 τα-
