1877 3277
149 188 232 228 222

205 301 290 341 230
319 297 504 366 Λῆμνον
536 294 580 339 δ’
612 297 886 366 εἰσαφίκανε,
916 298 1048 341 πόλιν
1076 299 1218 341 θείοιο
1252 297 1466 350 Θόαντος

320 350 420 394 ἐνθ’
440 351 591 422 ““’Τπνῳ
623 352 859 409 ξύμβλητο,
904 353 1150 425 κασιγνήτῳ
1186 355 1426 407 Θανάτοιο,

321 408 368 451 ἐν
397 407 438 451 τ’
472 407 557 462 ἄρα
588 411 631 452 οἱ
661 414 724 463 φῦ
753 411 883 465 χειρὶ,
914 410 1016 461 ε’πος
1045 409 1084 452 τ’
1117 409 1246 465 ἔφατ’
1248 444 1258 459 ,
1288 412 1335 454 ἐκ
1363 410 1404 453 τ’
1435 410 1662 482 ὀνόμαζεν·

767 467 946 509 πάντων
974 483 1018 509 τε
1046 471 1189 517 θεῶν,
1221 467 1397 510 πάντων
1427 466 1468 509 τ’
1501 467 1768 525 ἀνθρώπων,

318 523 346 575 ἡ
378 521 456 571 μὲν
487 519 541 576 δή
569 521 671 564 ποτ’
704 522 811 576 ἐμὸν
842 523 944 573 ε’πος
974 523 1138 576 ἔκλυες,
1168 522 1244 578 ἠδ’
1277 524 1338 567 ἔτι
1367 524 1438 567 καὶ
1467 529 1553 567 νῦν

407 497 431 515 „
433 463 572 508 ‘'ans
584 497 595 514 ,
631 466 738 517 ἅναξ

330 515 348 535 ,ι

783 189 1186 231 ΟΜΗΡΟΥ

203 578 288 621 235
315 579 489 620 πείθευ·
529 577 611 632 ἐγώ
643 578 689 621 δέ
718 579 765 621 κε’
794 596 863 622 τοι
893 579 992 622 ἰδέω
1022 578 1150 634 χάριν
1180 580 1321 634 ἤματα
1350 580 1505 623 πάντα.

319 632 532 705 κοίμησόν
561 651 637 689 μοι
667 635 809 705 Ζηνὸς
838 634 918 678 ὑπ’
952 634 1145 690 ὀφρύσιν
1176 636 1279 680 ὄσσε
1309 653 1500 690 φαεινω,

321 688 466 732 αὐτίκ’
500 691 590 732 ἐπεί
618 707 694 733 κεν
723 691 805 745 ἐγώ
834 693 1130 746 παραλέξομαι
1165 693 1211 736 ἐν
1243 692 1454 748 φιλότητι.

318 747 439 799 δωρα
470 747 516 789 δέ
545 764 612 789 τοι
640 747 766 790 δώσω
796 750 932 791 καλὸν
958 748 1157 801 θρόνον,
1188 748 1380 803 ἄφθιτον
1410 749 1516 801 αἰεὶ,

561 803 807 858 Ἡφαιστος
839 805 885 848 δέ
915 804 957 847 κ’
989 804 1089 858 ἐμὸς
1117 804 1220 855 πάϊς
1249 805 1510 875 ἀμφιγυήεις

204 858 289 902 240
318 858 413 900 τεύ
395 862 454 910 ζει
485 857 699 914 ἀσκησας,
742 860 830 904 ὑπὸ
862 860 908 905 δὲ
936 865 1110 930 θρῆνυν
1138 862 1269 904 ποσὶν
1300 861 1413 916 η’σει,

320 918 379 970 τῷ
410 931 485 958 κεν
515 915 732 972 ἐπισχοίης
761 917 980 971 λιπαρους
1009 919 1147 969 πόδας
1177 919 1472 971 εἰλαπινάζων.
1490 921 1518 942 “

318 805 529 872 χρύσεον·

371 1000 475 1048 negat
510 997 654 1029 Somnus
689 1008 726 1031 se
758 997 795 1030 id
829 1009 985 1032 ausurum
1019 998 1127 1033 invito
1161 998 1268 1040 Jove,
1311 999 1407 1043 cujus
1433 997 1511 1032 olim
1536 997 1579 1031 ab
1603 1007 1641 1031 se
1665 997 1805 1032 deleniti
1852 994 1854 996 ’

288 1039 373 1073 iram
402 1041 461 1074 vix
486 1042 579 1075 effua
557 1042 669 1086 gerit3

408 1108 498 1164 Τήν
531 1106 572 1152 δ’
604 1107 951 1166 ἀπαμειβόμενος
980 1110 1259 1165 προσεφώνεε
1288 1110 1481 1167 νήδυμος
1500 1109 1683 1162 ““’Τπνος·

151 1201 342 1241 quaerunt,
368 1197 448 1242 quid
472 1198 523 1231 rei
545 1199 590 1232 sit
614 1200 738 1235 Somno
764 1213 837 1234 cum
861 1202 957 1234 insu-

150 1242 185 1276 la
208 1243 355 1277 Lemno:
394 1256 468 1277 nam
493 1244 541 1278 ibi
567 1246 654 1280 hunc
678 1247 774 1280 deum
801 1248 957 1281 habitare

150 1289 251 1323 finxit
269 1290 391 1330 Hom.3
415 1291 543 1335 alioqui
562 1293 741 1325 convenire
762 1293 851 1326 illum
868 1294 955 1326 Juno

152 1335 291 1379 cupiens
317 1348 383 1369 non
408 1349 447 1370 eo
472 1350 509 1370 se
534 1339 746 1371 contulisset.
781 1340 838 1372 alii
857 1340 955 1372 aliam

151 1381 184 1414 ei
207 1382 322 1415 sedem
345 1383 583 1425 assignarunt,
619 1385 804 1418 Tartarum
829 1385 956 1419 Hesio—

149 1428 216 1461 dus
239 1429 374 1472 Theog.
400 1432 477 1464 753.
495 1455 505 1470 ,
530 1430 679 1463 Ovidius
705 1431 789 1463 Met.
817 1434 869 1466 11.
897 1442 957 1464 an-

149 1480 238 1507 trum
275 1473 509 1515 Cimmerium,
549 1476 794 1534 Aethiopicum
822 1477 957 1510 Statius

149 1521 264 1554 Theb.
285 1524 339 1555 10.
374 1522 475 1557 Sch..
517 1520 581 1556 διὰ
612 1524 726 1556 ποίαν
759 1521 799 1557 δε
833 1524 956 1557 αἰτίαν

149 1565 189 1602 ἒν
209 1568 255 1612 τῇ
279 1567 416 1612 Λημνῳ
437 1567 593 1611 μάλιστα
619 1566 637 1604 ὁ
652 1567 795 1626 Τπιος
817 1570 957 1612 διατρί-

148 1616 238 1669 βει;
237 1613 403 1669 ῥητέον,
429 1613 487 1650 ὅτι
502 1615 654 1659 Λήιινου
673 1615 740 1659 μὲν
758 1618 803 1661 ἠν
823 1614 956 1650 δεσπό-

147 1675 214 1706 της
227 1657 457 1703 ΗΗφαιστος,
482 1662 572 1707 γυνή
599 1662 638 1696 δε
663 1661 799 1697 τούτου
826 1660 955 1704 Χάρις·

150 1708 345 1749 Πασιθέας
379 1707 438 1750 δε,
485 1709 550 1765 τῆΓς
584 1707 746 1751 Χάριτος
782 1707 957 1752 ἀδελφῆς,

149 1754 331 1809 ἐρωτικῶς
365 1753 458 1809 ἔχων
492 1752 510 1788 ὁ
528 1752 666 1793 Ι’Ὺπνος
690 1755 765 1791 ἐκεῖ
786 1755 954 1800 διέτριβε.

148 1799 290 1845 ταύτην
324 1799 364 1835 δὲ
395 1798 496 1846 αὐτῷ
527 1800 655 1845 {uoq-,¹5
652 1802 775 1836 ¹..1225wc
799 1805 956 1844 γυναῖκα

150 1846 283 1882 δώσειν
318 1844 342 1890 ἡ
366 1845 476 1889 Ἡρα.
528 1853 563 1881 at
589 1849 734 1881 Veneris
758 1849 812 1881 vel
839 1848 956 1880 Musa-

149 1905 224 1928 rum
250 1894 394 1927 Gratiae
419 1894 560 1927 comites
582 1894 618 1927 in
642 1895 789 1938 Olympo
816 1894 957 1937 degunt.

149 1940 271 1984 inepta
295 1946 348 1973 est
372 1941 481 1984 igitur
504 1939 571 1972 ista
592 1941 703 1978 ratio,
729 1940 878 1984 ineptius
897 1951 957 1972 au-

150 1992 239 2029 tem,
285 1985 375 2031 quod
417 1985 513 2039 addit
545 1987 758 2019 Graecqus:
800 1985 958 2020 δύναται

151 2030 192 2067 δὲ
216 2032 279 2067 καὶ
312 2030 564 2088 φυσικώτερον
589 2034 773 2076 λυθῆναι,
811 2030 868 2066 ὅτι
899 2033 956 2066 οἰ-

150 2077 319 2122 νοφόρος
352 2075 374 2123 ἡ
407 2080 575 2135 Λῆμνος,
609 2078 738 2119 καθως
769 2078 861 2123 λέγει
885 2075 958 2122 (η’,

151 2125 274 2168 467.)·
310 2127 428 2176 νῆες
448 2123 485 2159 δ’
511 2122 559 2158 ἐκ
583 2123 800 2168 Λήμνοιο
823 2123 957 2168 παρέ-

152 2181 356 2212 στασαν,
381 2177 517 2206 οἰνον
542 2184 658 2214 αγου
675 2182 773 2214 σαι,
814 2174 892 2210 τοῖς
918 2169 958 2204 δὲ

151 2220 405 2253 πολυποτοῦσι
434 2216 590 2262 μάλιστα
619 2223 638 2252 ὁ
662 2215 779 2258 ’ὕπνος
797 2215 958 2261 παρέπε-

150 2277 232 2299 ται.
259 2265 358 2309 quasi
387 2265 560 2319 proprium
586 2264 746 2307 quiddam
771 2264 816 2296 sit
841 2262 959 2297 Lemni

150 2318 340 2365 proventus
365 2311 457 2351 vini,
500 2322 563 2343 nec
587 2310 770 2343 communis
793 2310 851 2343 ina
880 2309 958 2362 plu-

149 2357 239 2392 rium
263 2356 326 2390 dos
350 2356 533 2390 insularum
559 2356 661 2389 maris
686 2356 824 2399 Aegaei.
861 2356 958 2388 mitto

150 2402 256 2444 alios,
297 2403 479 2446 fateorque
513 2413 586 2435 cum
619 2402 782 2444 Heyneo,
825 2402 959 2434 nescire

149 2460 234 2491 nos,
269 2459 330 2482 cur
354 2449 469 2482 Somni
502 2448 616 2481 sedem
642 2451 744 2492 poiita
771 2448 805 2480 in
831 2447 957 2480 Lemno

150 2495 390 2537 collocaverit,
421 2494 487 2527 nisi
511 2494 601 2527 forte
625 2506 644 2527 e
671 2493 869 2526 cabirorum
895 2504 958 2525 nu-

149 2551 242 2574 mero
275 2540 382 2574 fuerit
415 2541 470 2573 hic
504 2541 613 2578 deus,
670 2551 811 2583 quorum
848 2538 958 2572 cultus

149 2586 292 2631 primum
316 2587 386 2621 illic
410 2586 562 2629 viguisse
590 2585 725 2619 dicitur
772 2597 805 2619 v.
826 2585 955 2618 Meurs.

151 2633 278 2666 Graec.
302 2632 369 2666 fer.
388 2630 422 2667 4.
446 2643 480 2664 v.
502 2632 692 2676 ΚαβειὛρια
729 2642 804 2663 nam
842 2641 957 2664 eorum

150 2678 323 2712 numinum
358 2684 480 2712 natura
513 2678 580 2711 etsi
603 2677 836 2729 mysteriorum
861 2682 958 2709 tene-

149 2724 221 2757 bris
245 2724 401 2758 involuta
424 2730 496 2764 est,
528 2723 563 2756 id
586 2729 696 2756 tamen
720 2723 859 2761 scimus,
896 2734 959 2755 vo-

150 2776 247 2804 catos
281 2770 388 2804 fuisse
425 2769 572 2803 Cabiros
608 2768 724 2808 θεοὺς
757 2766 955 2808 δυνατοὺς,

150 2814 349 2859 μεγάλους,
373 2814 571 2860 χρηστούςε
604 2822 640 2849 at
664 2815 744 2860 quid
771 2815 956 2859 potentius,

151 2862 233 2905 quid
268 2862 461 2905 salubrius,
505 2862 657 2896 somno?
712 2872 747 2893 v.
785 2861 841 2894 vel
876 2861 955 2894 233.

153 2907 277 2941 deinde
302 2914 399 2948 sunt,
424 2908 484 2953 qui
509 2918 567 2941 eos
592 2919 654 2952 pro
679 2907 745 2941 diis
770 2907 958 2940 Inferorum

152 2953 304 2987 habeant
332 2954 502 2997 (Reland.
527 2953 674 2987 Dissert.
707 2953 846 2987 miscell.
872 2964 903 2996 p.
926 2955 957 2987 1.

154 2997 236 3032 diss.
268 3000 302 3034 5.
336 3004 368 3043 §.
402 3001 472 3043 6.).
517 3011 601 3044 quos
633 2999 721 3034 inter
752 2999 834 3032 deos
869 2997 961 3031 haud

155 3044 273 3090 inepte
293 3046 453 3081 retuleris
467 3047 640 3089 Somnum,
666 3045 791 3080 Mortis
809 3045 961 3087 fratrem,

1003 1207 1153 1234 ceterum
1200 1202 1401 1235 mundanum
1446 1201 1529 1236 sede
1574 1201 1717 1234 incerta.
1762 1220 1805 1226 —

1006 1247 1230 1289 Θόαντος.
1270 1249 1337 1281 fuit
1370 1247 1424 1281 hic
1457 1248 1575 1281 Thoas
1611 1246 1739 1281 Bacchi
1771 1253 1807 1280 et

1002 1293 1175 1327 Ariadnae
1214 1293 1305 1326 filius
1319 1319 1329 1335 ,
1381 1299 1549 1338 paterque
1582 1293 1808 1337 Hypsipyles,

1002 1351 1112 1383 quae,
1138 1351 1213 1372 cum
1237 1339 1438 1374 Lemniades
1465 1351 1576 1384 genus
1599 1351 1696 1373 omne
1716 1339 1809 1372 viro-

1001 1397 1078 1418 rum
1102 1387 1348 1428 intevflcerent‚
1386 1387 1474 1418 clam
1508 1398 1585 1419 eum
1617 1387 1653 1419 in
1683 1396 1808 1419 navem

1004 1432 1187 1474 imposuit,
1220 1437 1404 1475 tempestas
1422 1436 1537 1465 autem
1556 1433 1711 1465 detulit·
1698 1444 1735 1464 ιη
1754 1432 1809 1464 ἰη-

1001 1478 1113 1510 sulam
1140 1478 1347 1518 Tauricam,
1372 1484 1410 1511 ut
1427 1482 1543 1511 narrat
1555 1477 1714 1523 Hyginus
1736 1477 1807 1510 fab.

1003 1524 1057 1557 15.
1084 1535 1183 1556 unum
1203 1536 1245 1557 ex
1257 1523 1504 1557 Rhadamanthi
1522 1524 1664 1557 ducibus
1689 1524 1806 1565 fuisse,

1001 1570 1044 1602 ab
1063 1581 1171 1613 eoque
1183 1570 1342 1603 Lemnum
1362 1570 1505 1606 insulam
1520 1570 1608 1603 dono
1621 1569 1808 1614 accepisse,

1002 1621 1120 1648 auctor
1138 1622 1190 1648 est
1200 1616 1300 1649 Diod.
1314 1615 1383 1650 Sic.
1394 1616 1428 1658 5,
1439 1618 1493 1650 79.
1516 1617 1560 1649 cf.
1572 1616 1699 1660 Hygin.
1712 1617 1806 1649 sabb.

1004 1662 1082 1701 120,
1104 1663 1199 1701 121„
1236 1662 1432 1706 Apollodor.
1457 1664 1496 1702 1,
1517 1664 1556 1702 9,
1580 1663 1656 1703 17.,
1680 1661 1806 1707 Eurip.

1001 1707 1180 1751 Iphigenia
1197 1708 1325 1748 Taur.,
1350 1708 1454 1741 Ovid.
1475 1708 1589 1752 Epist.
1606 1710 1640 1749 6,
1660 1709 1726 1744 114
1741 1715 1807 1742 etc.

1001 1772 1046 1777 —
1067 1753 1366 1798 ,,κασιγνήτω
1390 1753 1652 1789 Θανάτοιο.
1680 1754 1806 1788 Hesio-

1002 1798 1066 1831 dus
1086 1800 1222 1843 Theog.
1249 1801 1348 1834 7584
1382 1799 1476 1834 ἐ’νθα
1493 1799 1532 1835 δε
1554 1799 1704 1840 Νυκτὸς
1721 1803 1809 1835 παῖ-

1003 1847 1063 1884 δες
1092 1844 1242 1890 ἐρεμνῆς
1268 1843 1358 1880 οἰκί’
1390 1846 1557 1891 ε’χονσιν,
1580 1846 1721 1886 “Mus
1745 1847 1808 1882 καὶ

1009 1890 1201 1932 Θάνατος
1236 1892 1352 1927 δεινοι
1372 1895 1472 1927 θεοί.
1518 1897 1554 1927 et
1583 1894 1648 1927 hoc
1676 1898 1712 1926 et
1741 1893 1808 1927 alia

1004 1946 1167 1971 memorat
1182 1938 1271 1971 Plut.
1304 1939 1348 1972 de
1374 1939 1550 1974 Consolat.
1572 1951 1605 1983 p.
1629 1940 1714 1978 107,
1739 1938 1806 1981 D.

1002 1983 1038 2016 in
1061 1985 1184 2028 quibus
1214 1990 1268 2018 est
1295 1986 1396 2018 etiam
1427 1990 1541 2019 notum
1570 1985 1657 2019 illud
1690 1983 1810 2025 ’ὕπνος

1003 2029 1050 2063 τοὶ
1074 2030 1186 2073 μικροὶ
1212 2031 1280 2066 τοῦ
1313 2030 1486 2066 θανάτου
1521 2030 1716 2085 μυστήρια.
1764 2032 1810 2066 cf.

1003 2076 1102 2120 Virg.
1123 2078 1206 2111 Aen.
1229 2079 1271 2118 6,
1304 2078 1386 2112 278.
1377 2101 1405 2118 .‚
1439 2084 1475 2112 et
1503 2078 1547 2112 de
1566 2077 1674 2122 signis
1693 2077 1812 2110 Somni

1004 2128 1039 2155 et
1056 2123 1200 2163 Mortis,
1235 2134 1324 2166 quae
1343 2125 1494 2168 Spartae
1514 2125 1671 2165 fuerunt,
1703 2123 1809 2157 Paus-

1002 2169 1036 2209 3,
1063 2169 1142 2202 lS.“
1173 2169 1225 2201 Ea:
1244 2169 1290 2202 H.

1050 2215 1263 2250 233—241.
1307 2215 1487 2249 verbosius
1518 2215 1635 2256 Naso,
1668 2226 1733 2248 nec
1755 2218 1809 2249 ta-

1005 2270 1079 2293 men
1118 2260 1192 2293 sine
1234 2261 1368 2304 gratia,
1423 2261 1563 2295 Metam.
1599 2263 1664 2304 11,
1707 2262 1809 2297 623.ε

1004 2308 1146 2347 Somne,
1172 2307 1266 2350 quies
1283 2319 1408 2348 rerum,
1430 2308 1663 2351 placidissime
1686 2308 1810 2341 Somne

1004 2353 1166 2392 deorum,
1204 2353 1276 2385 Par
1304 2355 1434 2396 animi,
1469 2365 1566 2398 quem
1594 2364 1678 2386 cura
1693 2355 1809 2398 fugit,

1004 2399 1062 2442 qui
1081 2399 1187 2431 corda
1215 2400 1348 2432 diurnis
1367 2401 1471 2433 Fessa
1497 2400 1695 2433 ministeriis
1720 2400 1810 2432 mul-

1004 2456 1058 2477 ces
1082 2456 1292 2489 reparasque
1319 2447 1439 2479 labori.
1488 2458 1521 2482 v.
1546 2444 1594 2478 ibi
1614 2444 1749 2489 Gierig.
1772 2450 1809 2478 et
1838 2450 1843 2477 ί

1004 2490 1151 2534 interpp.
1175 2511 1211 2515 —
1242 2491 1379 2534 ἰδέω,
1404 2493 1486 2526 ἰδῶ.
1521 2491 1571 2525 sic
1590 2490 1808 2524 Aristarchus
1837 2488 1844 2523 Ι

1005 2545 1040 2569 et
1059 2536 1214 2570 meliores
1235 2538 1333 2572 codd.
1349 2551 1358 2579 ;
1393 2539 1575 2582 vulgares.

1005 2628 1128 2661 matth.
1148 2631 1179 2671 ς.
1200 2631 1279 2664 516.
1304 2630 1376 2663 scil.
1397 2630 1485 2664 idem
1503 2634 1593 2664 esset
1613 2630 1748 2685 ἰδειήν
1752 2628 1806 2661 vel
1836 2640 1840 2655 ·

1004 2674 1160 2718 εἵσομαι
1194 2674 1310 2710 Schol.
1333 2676 1383 2709 B:
1412 2676 1521 2717 ἰδέω,
1544 2674 1707 2715 Ἀττικῶς
1724 2673 1805 2709 οἷντι
1836 2674 1840 2717 ί

1003 2721 1069 2755 τοῦ
1096 2719 1259 2776 ὀφλήσω.
1302 2722 1345 2757 cf.
1367 2723 1411 2755 H.
1447 2742 1494 2747 —-
1525 2720 1721 2764 θρόνον.
1757 2717 1839 2763 oc'„

1004 2768 1082 2801 536
1125 2787 1170 2792 -—
1212 2764 1517 2813 ἀμφιγυήεις.
1568 2766 1614 2809 α’,
1645 2770 1724 2803 607.
1766 2786 1839 2808 -Ἰ

1003 2810 1223 2855 ἀσκήσας.
1267 2815 1344 2848 179.
1380 2833 1426 2838 -·
1473 2815 1575 2848 801ι.·
1607 2815 1804 2858 θρῆνυν.
1835 2840 1837 2845 .

1003 2857 1067 2902 (0',
1101 2861 1189 2902 729,
1222 2859 1264 2901 6',
1290 2861 1378 2901 390,
1414 2860 1542 2916 Odyss.
1565 2859 1612 2904 α’,
1634 2861 1699 2895 131
1719 2861 1838 2903 etc.)¹

1004 2904 1235 2947 ὑποπόδιον,
1259 2905 1470 2949 αρσενικῶς.
1509 2887 1623 2951 ἥσει.
1657 2904 1786 2950 ὑποθή
1788 2925 1806 2931 -

1007 2963 1071 2987 σει.
1117 2951 1380 2996 (λιπαρους
1421 2950 1595 2993 πόδας.
1644 2950 1692 2998 β’,
1721 2919 1837 2998 44η)ξ

1008 2999 1156 3034 εἰλαπ.
1180 2998 1280 3044 (Ody
1282 3011 1327 3036 ss.
1345 2998 1390 3046 β’,
1413 2999 1486 3042 57.)
1512 2997 1809 3080 εὐωχούμενοςι-
1832 3006 1835 3043 Ἰ

1054 3011 1280 3081 242—246.
1338 3043 1564 3091 νήδυμος.
1620 3043 1724 3091 β’2,
1725 3069 1734 3078 .

1622 2536 1738 2572 εἰδέω.
1771 2548 1806 2570 v.
1838 2531 1842 2568 Ξ

1004 2583 1109 2615 Schn.
1130 2594 1162 2617 v.
1183 2583 1290 2625 ἰδίω,
1323 2590 1357 2617 et
1376 2585 1418 2618 de
1434 2584 1554 2618 addita
1573 2595 1612 2617 κε
1637 2582 1807 2627 particula
1836 2581 1842 2615 i
