1847 3277
615 149 1051 193 ΙΛΙΛΔΟΣ
1104 151 1158 191 Σ.

1651 154 1707 194 79

213 259 404 304 πάντοσε
435 258 709 304 δαιδάλλων.
741 259 839 312 περὶ
870 255 913 328 δῖ
944 256 1113 312 ἄντυγα
1143 255 1272 312 βάλλε
1303 259 1517 317 φαεινήν,

102 319 185 362 480
216 319 452 370 τρίπλακα,
481 316 763 371 μαρμαρέην,
794 315 840 358 ἐκ
870 315 895 357 δ

943 311 1165 382 άργύρερν
1193 318 1432 382 τελαμῶνα.

211 375 336 416 πέντε
367 373 408 416 δ’
437 370 508 426 ἄρ’
541 371 679 415 αὐτοῦ
709 373 814 415 ἔσαν
846 369 1003 421 σάκεος
1031 385 1210 424 πτυχες·
1253 370 1391 426 αυτάρ
1422 372 1471 415 ἐν
1501 369 1623 428 αὐτῷ

210 432 327 473 ποίει
357 430 544 473 δαίδαλα
571 428 711 472 πολλοὶ
743 429 908 484 ἰδυίῃσι
936 429 1238 482 πραπίδεσσιν.

251 521 336 554 haec
360 524 470 553 autem
495 519 530 553 in
555 531 596 553 eo
621 519 739 552 efficta
765 523 882 552 erant:
918 517 1061 563 primum
1085 520 1180 551 terra
1203 518 1240 550 et
1262 526 1377 558 mare,
1409 516 1606 562 coelumque
1631 528 1705 552 cum

179 566 270 608 sole,
295 567 374 600 luna
397 571 433 599 et
456 565 559 599 astris
583 564 802 611 praecipuis3

281 642 356 686 Ἐν
384 643 463 699 μὲν
490 648 623 699 γαῖαν
653 639 812 693 ἔτευξ’,
844 640 891 684 ἐν
920 637 963 684 δ’
997 638 1216 693 οὐρανὸν,
1246 638 1294 682 ἐν
1323 637 1369 683 δὲ
1399 638 1647 693 θάλασσαν,

205 699 352 754 ἠέλιόν
381 699 423 743 τ’
453 698 705 755 άκάμαντα,
737 697 921 752 σελήνην
951 712 996 739 τε
1025 697 1313 752 πλήθουσαν,

94 758 175 802 485
205 757 253 800 ἐν
283 757 330 801 δέ
360 773 405 800 τε
433 759 574 811 τείρεα
604 756 768 806 πάντα,
799 752 897 797 τάτ’
927 751 1120 806 οὐρανὸς
1150 752 1469 808 ἐστεφάνωται,

207 812 433 870 Πληϊάδας
461 811 529 866 θ’,
555 812 714 864 Ὑάδας
743 828 810 862 τε,
840 809 890 854 τό
923 825 968 853 τε
998 810 1158 861 σθένος
1183 807 1421 864 Ὠρίωνος,

193 869 386 927 ’Ἄρκτον
413 868 490 924 θ’,
517 868 573 926 ἢν
602 870 678 913 καὶ
707 869 877 925 ἄμαξαν
905 866 1132 923 ἐπίκλησιν
1160 865 1422 920 καλέουσιν,

32 982 206 1027 Amyclaei
219 983 363 1016 thronus
383 995 401 1017 e
418 994 502 1017 saxo
525 994 595 1028 qua
616 986 731 1016 aetate
751 980 844 1015 scul-

32 1033 111 1073 ptus
122 1029 240 1070 fuerit,
253 1029 444 1072 ignoratur.
459 1030 552 1072 (fere
564 1029 700 1063 Solonis
710 1035 844 1072 tempo·

31 1086 81 1116 re,
94 1074 186 1107 circa
195 1077 240 1109 50
251 1076 320 1116 01.,
334 1076 460 1109 factum
476 1087 550 1108 esse
563 1080 662 1119 putat
672 1074 842 1116 Bottiger.

32 1121 198 1154 Andeult.
225 1121 307 1154 iiber
331 1122 364 1154 d.
391 1121 642 1165 Archiiologie,
679 1123 708 1154 1.
738 1120 840 1152 Abth.

30 1177 63 1211 p.
85 1167 159 1210 51.)
182 1167 217 1200 in
238 1166 379 1210 Cypseli
403 1178 484 1200 arca
509 1167 605 1211 plura
627 1167 762 1199 inerant
786 1177 842 1198 ar-

29 1218 191 1257 gumenta
214 1214 382 1257 mythica,
421 1224 483 1258 per
507 1224 605 1246 areas
628 1212 747 1245 ordine
771 1210 842 1243 dis—

29 1259 172 1304 positas,
200 1259 265 1292 etsi
285 1259 375 1292 nullo
396 1259 487 1292 inter
509 1271 545 1292 se
562 1270 671 1299 nexu,
699 1268 841 1302 expres-

28 1315 88 1345 sa3
113 1304 313 1349 pariterque
337 1305 372 1338 in
398 1306 520 1338 throno
547 1304 712 1349 Apollinis
738 1306 839 1347 Amy-

28 1351 126 1384 claei.
167 1353 237 1384 lsta
261 1352 396 1396 quidem
421 1352 456 1385 in
481 1351 617 1395 lapide3
644 1350 751 1383 simile
776 1361 839 1383 au-

27 1400 95 1430 tem
131 1397 360 1442 anagbphum
395 1397 540 1441 plurium
577 1398 762 1441 figurarum
796 1407 838 1429 ex

27 1453 108 1476 aere
141 1454 305 1487 nusquam
337 1450 563 1477 memoratur:
599 1454 674 1476 nam
708 1441 839 1475 Rhoeci

25 1494 63 1522 et
85 1489 287 1531 Theodori,
330 1489 388 1534 qui
419 1490 516 1534 primi
552 1501 632 1522 aere
664 1488 836 1521 fundendo

24 1534 279 1579 inclaruerunt,
305 1542 401 1569 aetas
422 1542 474 1569 est
490 1535 642 1575 incerta,
663 1534 729 1567 nisi
745 1533 838 1578 quod

24 1582 253 1625 probabiliter
272 1589 352 1615 ante
371 1582 427 1616 01.
446 1584 502 1617 30.
528 1581 654 1614 vixisse
673 1579 837 1613 censendi

23 1634 124 1666 sunt,
151 1627 308 1661 Rhoecus
328 1634 440 1668 certe3
467 1639 583 1661 verum
608 1626 749 1665 necilli,
773 1637 836 1659 nec

23 1673 82 1706 alii
107 1682 183 1717 post
207 1685 266 1708 eos
284 1674 479 1718 anaglypha
499 1686 540 1708 et
560 1685 640 1707 aere
659 1672 835 1705 effinxisse

22 1719 194 1753 dicuntur.
235 1721 491 1764 subsequuntur
532 1726 686 1764 tempora
717 1718 834 1752 Ioniae

21 1765 166 1810 opibuS‚
191 1766 316 1799 litteris
335 1767 533 1810 artibusque
562 1765 737 1805 excultae,
761 1765 833 1808 Ly-

21 1811 140 1845 dorum
173 1812 319 1846 metailis
351 1814 394 1845 ad
419 1812 549 1853 luxum,
585 1811 639 1845 cui
663 1811 832 1845 ministra-

21 1857 105 1890 bant
128 1857 227 1898 illae,
254 1859 474 1899 vocantibus,
505 1857 659 1902 inprimis
681 1857 763 1890 inde
787 1857 830 1890 ab

19 1904 77 1938 Ol.
104 1902 159 1938 40.
192 1910 229 1937 et
251 1904 354 1938 multo
387 1905 488 1938 etiam
520 1904 628 1948 magis
657 1915 678 1937 a
710 1902 833 1936 Croesi

19 1960 126 1993 regno
153 1949 209 1983 01.
228 1950 285 1989 54,
306 1951 360 1991 3.,
386 1956 465 1984 ante
489 1950 530 1984 C.
556 1952 636 1985 562.
661 1961 748 1983 nunc
767 1949 828 1982 de-

18 2006 106 2029 mum
149 1995 324 2040 probabile
358 1995 518 2039 videtur,
555 1995 711 2030 extitisse
745 1994 831 2029 artis

19 2052 105 2087 opus
133 2041 270 2086 aliquod
290 2042 467 2085 ejusmodi.
492 2042 583 2087 quod
607 2041 830 2086 complurium

17 2088 192 2132 signorum
237 2087 503 2133 anaglyphorum
541 2089 684 2133 clipeum
720 2087 829 2121 animo

18 2136 143 2178 poetae
173 2133 317 2178 alicujus
345 2134 522 2178 objiceret.
565 2145 755 2180 quanquam
780 2133 831 2167 sic

19 2191 154 2224 quoque
175 2179 361 2214 mirandum
381 2186 448 2222 est,
466 2181 557 2214 illum
579 2193 619 2215 eo
637 2179 829 2220 devenisse,

18 2224 106 2259 utin
128 2225 236 2269 clipeo
255 2226 326 2260 tale
343 2231 587 2272 argumentum,
610 2233 678 2261 tam
697 2226 828 2261 varium

18 2277 54 2305 et
80 2271 278 2316 multiplexit,
311 2276 448 2318 tamque
472 2273 617 2307 alienum
651 2284 672 2307 a
703 2279 828 2307 natura

0 2322 55 2350 zet
79 2328 139 2350 usu
164 2316 286 2361 clipei,
324 2330 521 2363 expressum
545 2320 702 2363 fingeret.
750 2331 825 2354 nam

18 2363 160 2397 aliorum
192 2362 227 2396 in
250 2363 389 2408 clipeis,
424 2376 566 2410 quorum
589 2367 709 2399 crebra
733 2377 827 2399 men-

17 2408 88 2449 tio,
116 2408 251 2442 inerant
274 2410 406 2454 singula
426 2411 536 2455 signa,
561 2423 721 2455 nusquam
744 2423 826 2446 vero

16 2460 134 2488 tantus
157 2466 273 2489 eorum
296 2460 489 2490 numerus“
507 2465 573 2492 etc.
598 2459 639 2492 ad
666 2459 750 2491 haec
770 2470 826 2492 re-

17 2500 217 2545 spondebo,
243 2502 333 2546 quod
354 2503 422 2546 jam
448 2502 639 2548 significavi
663 2505 698 2537 in
724 2515 826 2549 supe-

18 2546 184 2589 rioribus,
208 2558 274 2581 non
299 2548 495 2592 vulgarem,
526 2551 656 2594 qualem
681 2551 826 2595 quisque

17 2592 154 2626 heroum
197 2598 331 2637 gestet,
372 2594 429 2628 hic
470 2595 528 2640 agi
560 2595 726 2640 clipeum,
764 2597 825 2631 sed

17 2638 225 2680 Achillem,
269 2651 414 2685 eumque
449 2641 505 2674 dei
541 2642 686 2676 Vulcani
725 2654 825 2678 manu

0 2683 236 2727 3sabricatum,
272 2686 330 2731 qui
353 2699 428 2720 cum
453 2687 575 2722 eximio
602 2700 742 2722 munere
764 2689 825 2723 de-

0 2730 1 2761 ]
16 2729 145 2764 vincire
162 2731 265 2766 vellet
281 2733 409 2778 optime
433 2732 475 2767 de
494 2745 532 2768 se
550 2734 703 2768 meritam
727 2735 825 2770 deam

0 2775 221 2825 JI'hetidem,
246 2783 318 2812 tum
349 2779 516 2814 honorare
539 2781 644 2815 filium
670 2783 742 2826 ejus
767 2793 825 2815 ce-

0 2820 242 2863 }leberrimum
267 2829 426 2869 tanquam
452 2826 486 2859 in
511 2828 652 2872 speculo
675 2828 825 2862 ostendit

15 2867 191 2909 mundum,
223 2868 376 2914 inprimis
409 2877 555 2914 terram,
589 2879 624 2908 et
648 2873 682 2907 in
706 2886 746 2908 ea
772 2874 825 2907 vi-

14 2919 81 2945 tain
107 2924 233 2947 omnem
258 2917 443 2951 humanam.
482 2918 515 2951 in
541 2931 607 2964 quo
632 2920 706 2964 ejus
730 2920 822 2954 facto

13 2958 94 3002 quid
120 2958 199 2993 insit
218 2960 320 2995 otiosi
339 2968 400 2996 aut
421 2964 552 3009 inepti,
580 2977 646 2999 non
667 2978 747 3001 sane
767 2966 820 3000 in-

12 3004 142 3048 telligo.
177 3007 236 3039 sed
262 3007 348 3041 haec
369 3009 545 3044 hactenus.

935 977 1148 1015 479—484.
1173 977 1387 1015 πάντοσε
1412 975 1701 1020 δαιδάλλων,

889 1026 1028 1068 affabre
1061 1026 1099 1059 id
1125 1028 1268 1071 fingens
1302 1027 1346 1059 ab
1379 1027 1471 1060 omni
1504 1030 1619 1070 parte.
1657 1044 1703 1050 —

890 1072 994 1104 Sch.:
1019 1074 1266 1115 τρίπλακα.
1291 1075 1464 1118 τριπλῆν,
1488 1073 1701 1116 τρίπτυχον.

888 1115 1022 1161 πτύχες
1045 1118 1113 1161 γάρ
1145 1117 1192 1152 τὰ
1217 1116 1402 1161 ἐλάσματα
1433 1119 1499 1160 τῆς
1533 1116 1702 1159 ἀσπίδος.

889 1174 923 1195 v.
949 1166 1001 1207 η’,
1026 1164 1105 1198 247.
1135 1171 1169 1197 et
1193 1164 1237 1199 de
1259 1165 1335 1208 ipso
1356 1164 1495 1197 Achillis
1520 1164 1630 1209 clipeo
1654 1163 1700 1208 ν’,

887 1210 955 1243 269
988 1221 1084 1254 seqq.
1119 1210 1229 1244 tribus
1260 1210 1410 1250 laminis,
1453 1210 1549 1254 τρισὶ
1580 1211 1702 1254 πλαξὶ,

887 1263 1100 1289 constantem
1126 1256 1212 1290 dicit
1229 1268 1322 1290 oram
1347 1255 1471 1299 clipei,
1496 1267 1562 1301 quo
1580 1257 1701 1290 melius

885 1301 1033 1343 ictibus,
1056 1302 1090 1335 in
1114 1303 1205 1336 illam
1231 1308 1362 1347 partem
1388 1302 1491 1335 factis
1515 1300 1591 1345 (ν’,
1616 1305 1699 1347 275,

884 1349 953 1382 276
974 1349 1081 1391 etc.)‚
1106 1350 1299 1384 resisteret.
1329 1360 1403 1382 cum
1426 1349 1513 1381 enim
1537 1348 1613 1393 ipse
1636 1349 1700 1383 cli-

884 1405 970 1438 peus
993 1395 1015 1428 5
1035 1395 1177 1428 laminas
1196 1396 1401 1434 contineret,
1425 1394 1476 1428 illi
1502 1401 1615 1429 autem
1637 1407 1699 1429 ora

884 1440 1043 1484 imposita
1067 1442 1102 1481 3,
1123 1443 1143 1475 8
1168 1441 1313 1475 laminae
1335 1440 1579 1486 percutiendae
1599 1448 1699 1476 erant

884 1486 976 1519 hosti
1000 1486 1188 1520 invadenti.
1218 1508 1264 1512 —
1309 1485 1356 1522 ἐκ
1381 1484 1420 1521 δ’
1447 1484 1544 1530 άργ.
1572 1491 1644 1523 τελ
1656 1501 1697 1522 α-

884 1532 1026 1580 μιᾷνα.
1052 1532 1102 1575 λ’,
1127 1533 1184 1568 38.
1218 1534 1264 1569 cf.
1290 1532 1336 1576 ε’,
1362 1534 1430 1568 796
1455 1540 1585 1566 etc.—-
1617 1533 1697 1576 „e'v

883 1581 1017 1623 αυτῷ.
1061 1577 1099 1614 ἐν
1133 1581 1183 1625 τῷ
1208 1579 1330 1622 uoluat,
1363 1579 1398 1612 in
1421 1579 1608 1624 superficie
1635 1580 1697 1614 cli-

883 1624 958 1669 pei,
984 1626 1181 1670 anaglypho
1208 1638 1314 1671 opere
1337 1631 1471 1659 ornata.
1514 1631 1612 1659 erant
1635 1638 1696 1660 au-

881 1677 950 1704 tem
976 1671 1063 1704 duae
1086 1672 1230 1706 laminae
1258 1673 1331 1716 ejus
1357 1683 1505 1705 summae
1527 1684 1570 1705 ex
1594 1684 1693 1708 aere:

881 1728 914 1750 v.
940 1716 986 1758 ν’,
1004 1719 1143 1753 271.-
1167 1719 1225 1753 ἰδ.
1251 1731 1390 1762 πραπ.
1417 1720 1497 1753 380.
1517 1738 1561 1742 -
1586 1717 1694 1755 οἶκοί-

879 1775 1047 1806 μαντα.
1071 1766 1152 1800 239.
1174 1784 1221 1790 -
1267 1763 1567 1809 πλήθουσαν.
1601 1764 1693 1811 πλή-

880 1822 939 1853 ρη.
983 1810 1014 1843 Ε
1036 1810 1163 1844 Scholl.
1188 1811 1274 1846 Ven.
1301 1811 1471 1856 Hesych.:
1506 1809 1574 1857 τὴν
1597 1825 1693 1847 παν-

880 1858 1044 1900 σε’ληνον.

924 1901 1005 1938 485.
1045 1901 1095 1935 ita
1127 1901 1225 1937 codd.
1259 1903 1376 1949 Lips.‚
1414 1902 1534 1945 Harl,
1568 1903 1693 1940 Achill.

877 1948 962 1984 Tat.
988 1949 1135 1992 isagoge
1163 1950 1198 1982 in
1223 1950 1322 1982 Arati
1348 1949 1474 1982 Phaen.
1502 1951 1553 1991 1.,
1586 1950 1634 1982 W
1659 1953 1691 1985 1.

878 1994 949 2035 ed.,
975 1994 1020 2028 H.
1047 1996 1168 2039 vulgo:
1204 1994 1242 2030 ἐν
1276 1994 1316 2030 ὸὲ
1341 1994 1388 2030 τά
1415 1997 1557 2038 τείρεα,
1591 2007 1692 2041 quam

875 2041 1079 2085 scripturam
1092 2044 1216 2085 poetae
1236 2041 1474 2075 consuetudini
1493 2053 1693 2088 repugnare

875 2087 1008 2120 fatetur
1030 2087 1106 2132 ipse
1131 2089 1176 2121 W
1201 2089 1309 2133 praef.
1340 2093 1370 2125 1.
1398 2090 1477 2130 ed.‚
1503 2099 1536 2133 p.
1563 2089 1620 2123 37.
1644 2107 1692 2115 —

875 2134 962 2177 Ap.=
987 2138 1165 2176 τείρεα.
1197 2134 1243 2169 τὰ
1270 2132 1397 2176 ἄστρα.
1432 2135 1549 2180 signa.
1575 2146 1596 2168 a
1620 2137 1693 2170 τεί-

875 2192 941 2222 ρω,
965 2179 1069 2223 τέρω,
1094 2183 1248 2223 ρενῙονο,
1274 2181 1368 2214 velut
1392 2186 1519 2214 terram
1543 2179 1692 2216 immisso

874 2225 1040 2271 scipione,
1066 2232 1101 2259 et
1122 2238 1141 2260 a
1162 2233 1394 2273 consequente
1416 2228 1570 2272 designo.
1595 2239 1692 2263 more

874 2279 1123 2316 geometrarum
1148 2279 1215 2307 etc.
1237 2295 1283 2300 —
1323 2274 1426 2308 Scin:
1459 2269 1561 2308 κατ’
1587 2272 1690 2317 οὖρ.

874 2319 1032 2363 ἐστεφ.
1058 2318 1125 2362 (λ’,
1149 2320 1227 2363 36.)
1254 2318 1310 2361 οἷς
1335 2317 1558 2365 κεκόσμηται
1583 2317 1603 2355 ὁ
1625 2320 1690 2356 οὔ·

872 2364 997 2408 ρανός.
1034 2366 1077 2399 de
1099 2377 1159 2399 usu
1184 2366 1375 2401 accusativi
1399 2367 1432 2402 h.
1458 2368 1480 2401 l.
1508 2378 1540 2400 v.
1561 2367 1688 2401 Matth.

872 2413 906 2454 ἓ.
929 2412 1016 2452 423,
1041 2413 1074 2447 5.

917 2457 1131 2493 486-488.
1154 2457 1284 2499 „multi
1308 2462 1391 2492 sunt
1413 2457 1628 2491 Scholiastae
1651 2457 1688 2491 in

872 2504 1072 2538 enarrandis
1104 2504 1229 2538 fabulis
1264 2504 1308 2539 de
1341 2504 1464 2545 astris,
1509 2515 1597 2548 quae
1631 2503 1687 2538 hic

872 2553 975 2595 poeta
1000 2552 1220 2592 memoravit3
1255 2550 1298 2584 de
1322 2550 1447 2596 quibus
1472 2550 1598 2583 fabulis
1623 2549 1686 2583 ad-

872 2596 976 2630 eundi
992 2603 1075 2630 sunt
1087 2597 1313 2642 Apollodorus
1334 2604 1370 2631 et
1383 2596 1581 2641 mythologi.
1609 2597 1684 2629 lau-

871 2642 975 2676 datur
1000 2644 1043 2677 ob
1069 2643 1102 2676 h.
1127 2643 1148 2677 l.
1174 2644 1298 2685 Hom,
1330 2650 1492 2688 tanquam
1526 2649 1685 2675 astrono-

871 2689 959 2722 miae
982 2689 1134 2734 peritus,
1160 2701 1181 2723 a
1206 2690 1369 2730 Cratete‚
1395 2689 1550 2733 Apione,
1575 2687 1682 2721 Tatio

871 2734 894 2768 l.
920 2746 949 2768 c.
977 2740 1012 2769 et
1036 2736 1132 2776 aliis3
1155 2742 1304 2780 suntque
1326 2737 1410 2769 haec
1430 2734 1525 2768 multi
1543 2733 1681 2775 imitati,

871 2779 906 2814 in
941 2782 1065 2827 quibus
1106 2781 1203 2826 Virg.
1237 2783 1371 2826 Georg.
1407 2783 1445 2822 1,
1481 2781 1566 2821 137,
1599 2779 1681 2820 246,

870 2828 954 2861 Aen.
982 2830 1022 2869 1,
1046 2827 1130 2868 742,
1165 2834 1201 2862 et
1224 2828 1330 2861 Ovid.
1356 2827 1442 2861 Met.
1482 2827 1544 2868 13,
1565 2826 1681 2860 291.“

869 2874 904 2906 Ε
929 2874 980 2908 (ΣΙ.
1003 2879 1036 2908 et
1063 2874 1180 2906 11.—
1223 2873 1275 2908 τό
1316 2885 1362 2908 τε
1396 2871 1565 2911 σθένος
1596 2870 1680 2912 Ὡρ.

869 2924 902 2952 et
921 2921 1071 2965 insignis
1092 2921 1150 2953 ille
1168 2921 1271 2954 Orion
1285 2932 1296 2952 .·
1321 2930 1396 2953 nam
1415 2930 1456 2952 ea
1479 2917 1532 2952 vis
1551 2922 1604 2951 est
1624 2929 1682 2951 ar-

867 2965 975 3000 ticuli.
1013 2978 1047 3001 v,
1072 2967 1118 2999 W
1143 2967 1165 3000 l.
1192 2966 1215 3000 l.
1243 2976 1319 3000 ann.
1352 2966 1395 3000 ad
1420 2965 1512 3005 485,
1551 2974 1612 2997 nos
1637 2963 1681 2997 ad

867 3009 922 3052 α’,
957 3015 1009 3047 11.
1056 3011 1236 3052 σθένος
1269 3009 1351 3055 Ὡρ.
1392 3011 1519 3045 dictum
1555 3015 1610 3044 est
1644 3016 1682 3044 ut
