1847 3277
157 162 239 204 114

326 272 387 339 τῷ
418 265 461 311 δ’
485 284 595 334 ηυτε
622 269 758 335 πτερὰ
786 267 964 323 γίγνετ’,
997 268 1113 322 ἄειρε
1144 268 1189 311 δὲ
1217 269 1405 340 ποιμένα
1434 271 1561 311 λαῶν.

324 325 370 367 ἐκ
401 323 445 367 δ’
475 323 562 377 ἄρα
590 327 794 380 σύριγγος
823 324 1048 393 πατρώϊον
1078 324 1279 368 ἐσπάσατ’
1312 325 1457 379 ἔγχος.

325 380 483 435 βριθὺ,
511 380 642 436 μέγα,
680 380 908 440 στιβαρόν·
939 380 988 423 τὸ
1019 381 1098 435 μὲν
1127 381 1182 424 ού
1213 380 1357 424 δύνατ’
1389 379 1551 430 ἄλλος’
1545 385 1721 438 Αχαιων

322 437 524 487 πάλλειν,
554 436 661 479 ἀλλά
691 453 767 491 μιν
797 435 892 487 οἷος
920 437 1122 479 ἐπίστατο
1152 441 1280 491 πῆλαι
1308 437 1538 491 Ἀχιλλεύς,

210 500 292 541 390
325 470 526 548 Πηλιάδα
555 495 725 548 μελίην
753 492 831 549 τὴν
858 494 989 548 πατρὶ
1023 496 1138 565 φίλῳ
1168 495 1275 563 πόρε
1304 496 1475 561 Χείρων

327 552 499 605 Πηλίου
529 549 576 592 ἐκ
604 553 828 605 κορυφῆς,
858 549 1003 604 φόνον
1032 551 1209 605 ἔμμεναι
1237 548 1466 606 ἡρώεσσιν.

291 651 398 685 equos
422 650 501 673 suos
523 638 641 672 currui
658 639 797 683 junctos
819 640 976 685 increpat
1000 640 1170 681 Achilles,
1202 641 1295 684 quod
1318 640 1512 674 Patroclum
1535 637 1762 671 deseruerint.

326 719 484 766 ἵππους
514 715 559 759 δ’
591 715 858 788 Αὐτομέδων
887 734 932 761 τε
962 719 1036 761 καὶ
1051 717 1256 771 ’Ἄλκιμος
1286 716 1577 788 ἀμφιέποντες

323 773 558 828 ζεύγνυον,
585 772 702 845 ᾇμφὶ
733 776 779 818 δὲ
808 776 919 817 καλά
949 773 1122 817 λέπαδν’
1155 774 1282 824 ἓσαν,
1310 774 1358 817 ἐν
1390 774 1436 816 δὲ
1465 771 1673 829 χαλινους

322 833 553 886 γαμφηλης
582 830 762 885 ἐβαλον,
797 831 906 874 κατὰ
937 830 979 874 δ’

212 892 293 932 395
322 886 537 940 κολλητὸν
565 887 666 929 ποτὶ
696 889 870 942 δίφρον.
915 887 938 930 6
971 887 1015 931 δὲ
1045 888 1230 957 μάστιγα
1259 887 1447 956 φαεινὴν

323 943 431 997 χειρὶ
461 942 612 995 λαβών
642 942 858 997 ἀραρυῖαν
892 943 957 999 ἐφ’
989 945 1158 986 ι’πποιϊν
1187 941 1461 997 ἀνόρουσεν,

324 999 619 1068 Αὐτομέδων·
650 1000 807 1043 ὄπιθεν
837 1001 882 1044 65
911 1000 1237 1070 κορυσσάμενος
1267 1004 1322 1056 βῆ
1348 998 1586 1055 Ἀχιλλευς,

322 1054 489 1109 τεύχεσι
516 1059 804 1129 παμφαίνων,
838 1056 940 1100 ὥστ’
972 1057 1165 1112 ηλέκτωρ
1191 1055 1427 1110 Ὑπερίων,

324 1112 589 1181 σμερδαλέον
618 1112 660 1156 δ’
691 1115 888 1157 ι’πποισιν
917 1114 1108 1157 ἐκέκλετο
1138 1113 1303 1166 πατρὸς
1331 1112 1443 1156 ἑοῖο·

408 1201 431 1220 ,,
423 1167 525 1216 ,Ξάι
529 1175 591 1212 νθε
620 1185 664 1213 τε
694 1170 767 1213 καὶ
798 1172 959 1222 Βαλία,
992 1169 1227 1240 τηλεκλυτὰ
1255 1170 1386 1212 τέκνα
1416 1168 1668 1224 Ποδάργης,

323 1223 462 1276 ἄλλως
492 1224 544 1281 δὴ
575 1226 795 1281 φράζεσθε
825 1228 1046 1283 σαωσέμεν
1074 1225 1281 1282 ἡνιοχῆας

211 1170 293 1214 400

154 1341 254 1383 γυῖα.
301 1336 523 1380 ἐντρέχοι
567 1337 671 1372 Schn.
713 1339 822 1372 lexico
866 1346 961 1373 recte

154 1383 296 1429 exponit
314 1395 441 1427 σνντρε
437 1383 514 1427 χὀι,
537 1391 777 1428 congruerent,
802 1390 883 1428 apta
906 1396 962 1418 es-

153 1434 242 1464 sent.
278 1427 604 1470 8ο1ι..οὶκωλντως
627 1432 762 1475 χρῷτο,
795 1429 886 1465 ὥστε
909 1429 960 1475 μὴ

154 1476 307 1519 ἐμποδίζ,
298 1478 431 1510 εσθαι.
471 1475 591 1519 putide
610 1477 727 1510 Schol.
754 1478 800 1510 B.
825 1479 860 1511 εἰ
882 1477 960 1521 τρέ-

153 1535 229 1568 χειν
253 1521 408 1557 δύναιτο
434 1521 548 1561 αὐτὸς
573 1520 610 1556 ἐν
634 1526 713 1562 τοῖς
737 1521 863 1557 ἔντεσι.

198 1570 287 1607 386,
312 1570 344 1604 7-
370 1565 483 1613 ηὗτε
510 1568 595 1601 Ven.
619 1571 660 1610 Α,
686 1569 800 1602 Schol.
826 1571 854 1602 A
881 1570 963 1611 (nec

153 1614 247 1647 aliud
270 1582 445 1658 significat
468 1615 644 1658 scriptura
666 1615 794 1649 codicis
818 1619 844 1648 A
866 1616 963 1648 wat.

152 1654 253 1706 ἦτε),
285 1665 356 1693 tum
381 1660 515 1714 priscae
538 1661 615 1693 edd.
629 1684 640 1701 ‚
675 1661 739 1694 nisi
764 1661 854 1705 quod
879 1672 964 1694 non-

154 1707 266 1740 nullae
290 1706 388 1739 habe
392 1712 417 1740 ιι
436 1703 536 1761 ηὕτε,
559 1707 655 1739 velut
679 1707 754 1742 Ald.
771 1709 803 1741 3.
829 1713 883 1740 est
900 1719 962 1740 au-

153 1759 220 1786 tem
243 1752 307 1785 id·
299 1763 411 1799 ipsum
434 1748 543 1796 ηὗτε,
565 1752 626 1785 sed
651 1759 874 1793 contractum,
899 1764 962 1785 nec

153 1799 242 1832 idem
267 1799 317 1843 τῷ
343 1800 447 1839 εὐτε,
479 1798 569 1843 quod
603 1798 740 1842 plurimi
774 1799 875 1832 codd.
901 1800 962 1833 ob-

153 1844 308 1884 trudunt,
335 1824 515 1889 proba⁹tum
538 1844 618 1877 illud
647 1845 785 1888 primum
812 1844 965 1878 Aristar-

154 1891 237 1932 cho,
278 1890 402 1923 deinde
435 1896 548 1924 autern
588 1890 841 1945 Aristophaneo
874 1902 965 1923 com-

153 1943 266 1970 mento
292 1931 402 1977 αὖτε,
425 1935 599 1969 intellecto
626 1949 697 1977 ως,
722 1936 964 1981 posthabitum,

154 1994 242 2027 quae
264 1983 385 2016 merito
412 1982 606 2026 repudiavit
629 1983 964 2022 Buttm.L1=:cil.ll‚

155 2041 191 2074 p
215 2030 294 2063 229.
328 2028 414 2062 male
439 2023 962 2064 Schol.Townl.:5615.ov-

155 2075 264 2131 στολῇ
297 2072 372 2109 <ind
406 2075 476 2108 τοῦ
511 2070 608 2118 η’ὔτε.
658 2075 744 2108 bene
775 2074 876 2108 Sch.:
909 2075 961 2120 τῷ

155 2119 196 2154 δὲ
217 2118 363 2165 Ἀχιλλεῖ
382 2122 510 2176 κοῦφα
527 2134 588 2155 και
610 2117 777 2173 ἁρμόδια
797 2119 843 2155 τὰ
869 2119 964 2156 ὅπλα

154 2164 340 2223 ἐγίγνοντο
375 2164 460 2202 ὡσεὶ
495 2167 625 2210 πτερά.
668 2167 715 2200 cf.
746 2164 801 2210 γ’,
838 2170 893 2201 10.
917 2186 963 2192 —-

157 2212 290 2257 ἄειρε
314 2210 362 2247 δε
381 2225 416 2247 π.
437 2215 467 2247 λ.
500 2213 552 2247 Ε.
578 2215 644 2258 τῆς
663 2214 895 2256 συμμετρίας,
914 2210 965 2253 ὥς

156 2259 193 2295 οὶ
216 2261 370 2293 παλαιοί
394 2271 509 2302 φασι,
539 2261 675 2317 κοῦφα
694 2259 874 2304 ποιούσης
899 2257 965 2294 αὐ-

156 2304 223 2346 τοὶ,
257 2318 307 2346 ως
331 2304 456 2349 φέρειν
479 2306 618 2348 μᾶλλον
650 2303 675 2349 ἢ
701 2306 895 2350 φέρεσθαι.
919 2325 965 2331 -

156 2362 288 2386 rursum
313 2352 417 2385 sch*
445 2350 686 2398 σύριγγος.
718 2353 784 2396 τῆς
807 2354 965 2398 δορατο-

155 2396 207 2433 θ·’
211 2410 290 2442 κης.

188 2411 321 2478 η388-
333 2443 416 2477 391.
446 2442 504 2486 π’,
531 2442 748 2498 141—1443

201 2490 281 2526 392.
305 2485 474 2532 ’Ἄλκιμος
497 2495 550 2523 est
571 2490 627 2523 hic
651 2495 687 2524 et
710 2486 748 2524 ω’
758 2514 769 2531 ,
788 2489 881 2532 474.,
906 2489 965 2535 qui

156 2536 244 2570 alias
275 2531 504 2579 Ἀλκιμέδων,
536 2542 576 2569 ut
601 2537 707 2570 Dolus
741 2547 804 2581 pro
838 2537 965 2569 Dolone

157 2588 193 2616 et
218 2582 368 2615 'sranius
403 2593 466 2626 pro
493 2582 666 2616 'I'ranione
698 2582 966 2637 ᾶρ,.Ρ1ειιιιιιιῐι;

157 2627 248 2673 quod
280 2627 370 2661 inter
399 2628 554 2671 exempla
577 2624 771 2671 ἀποκοπῆς
794 2629 965 2662 nominum

159 2672 302 2719 protulit
324 2674 542 2718 geographus
566 2676 598 2708 8.
624 2685 657 2718 p.
680 2675 751 2709 560
775 2675 814 2707 Α.

201 2720 283 2755 393.
316 2723 412 2753 recte
428 2720 555 2753 Bai-n..
579 2718 685 2761 ἕσαν,
711 2731 779 2753 non
804 2718 903 2760 ἔσαν,
927 2722 966 2753 ut

158 2763 723 2821 νιιΙςος1ι.ε.οἶμφιε’σο.ν,ιιῐυ’,
746 2766 822 2799 150.
836 2778 844 2799 =
866 2763 964 2809 ἀμφὶ

158 2809 199 2845 δὲ
213 2809 399 2855 ἄῤῥηκτον
415 2812 570 2856 νεφέλην
581 2809 760 2856 ὤμοισιν
746 2808 889 2846 ε’.σαντο
918 2812 963 2847 cf.

158 2857 286 2900 Odyss.
328 2856 498 2900 6314ss
526 2863 593 2892 etc.
640 2859 792 2892 seberus
828 2869 964 2916 quoque

158 2902 271 2959 indice
294 2903 531 2938 vocabulorum
552 2905 688 2939 Homer.
713 2915 746 2948 p
764 2902 840 2938 44..
865 2901 965 2946 ἀμφὶ

158 2967 204 2972 -
227 2947 314 2983 ε’σαν
339 2952 384 2983 ιλ.
409 2948 459 2991 τ’,
483 2951 583 2992 393.,
619 2954 656 2984 et
684 2949 720 2983 id
745 2948 872 2992 legisse
899 2949 963 2983 ali-

160 2993 238 3026 cubi
270 2994 407 3028 videtur
442 2975 667 3037 {eustathium
711 2995 773 3029 sed
807 2995 963 3039 frugibus

783 160 1184 202 ΟΜΗΡΟΥ

999 830 1114 900 ἡνία
1141 836 1290 873 τεῖναν
1318 829 1486 873 ὀπίσσω

1006 1339 1154 1373 inventis
1177 1338 1303 1382 glande
1321 1338 1413 1372 vesci
1432 1337 1554 1376 voluit,
1578 1336 1638 1382 qui
1661 1336 1712 1371 sic
1729 1336 1816 1369 scri-

1008 1386 1085 1418 bat:
1113 1384 1154 1420 τὸ
1180 1384 1219 1420 65
1245 1385 1357 1420 ἔσαν
1391 1381 1437 1419 οὔ
1463 1383 1661 1419 δασύνεται
1682 1380 1816 1423 πόθεν,
1841 1381 1847 1403 ¹

1006 1429 1099 1466 ἀλλα
1121 1432 1320 1473 ψιλοῦται,
1343 1430 1482 1475 δηλοῦν
1509 1428 1550 1465 τὸ
1575 1430 1683 1474 ἦσαν.
1705 1448 1749 1456 —-
1772 1429 1817 1462 do
1845 1437 1847 1448 ¹

1005 1478 1318 1518 λεπάδνοιςν.
1345 1477 1394 1518 ε’,
1419 1478 1498 1513 730.

1054 1525 1174 1558 394—
1187 1526 1267 1560 399.
1319 1522 1624 1567 ,,γαμφηλῇς,
1667 1520 1817 1554 maxillis
1841 1520 1847 1541 ¹

1011 1582 1185 1614 equorum.
1211 1572 1256 1604 cf.
1281 1567 1324 1608 ν’,
1334 1573 1410 1604 200.
1428 1566 1722 1610 -κολλητὸν
1747 1566 1847 1601 (δί-1

1010 1628 1140 1659 φρον.
1167 1617 1200 1650 h.
1220 1629 1250 1650 e.
1277 1612 1319 1650 εὖ
1341 1618 1451 1658 κολλ,
1478 1612 1698 1658 εὐποιητὸν,
1729 1613 1847 1647 bene‘

1005 1662 1133 1716 junctis
1152 1662 1329 1716 partibus
1358 1681 1404 1688 —-
1446 1660 1652 1705 μάστιγα
1685 1657 1847 1703 φαεν-Ι

1009 1706 1106 1751 νήν.
1131 1706 1178 1748 κ’,
1202 1710 1283 1743 500.
1315 1728 1360 1733 —
1399 1708 1522 1752 χειρὶ
1556 1698 1847 1763 aeneidum*

1010 1755 1170 1790 habilem,
1208 1774 1252 1780 -—
1323 1750 1534 1798 ἠλέκτωρ
1578 1750 1711 1796 Taso
1722 1751 1847 1789 imvm

1003 1797 1182 1842 Ἠλέκτωρ
1212 1812 1273 1845 per
1307 1812 1345 1834 se
1378 1807 1523 1835 vocatur
1546 1798 1596 1842 ζ’,
1619 1766 1711 1835 514ρ
1709 1802 1734 1819 “
1765 1800 1819 1832 Es

1011 1848 1056 1880 H.
1080 1866 1126 1871 —
1159 1846 1458 1889 σμερδαλέον
1482 1867 1526 1872 -
1551 1846 1663 1881 ἑοῖο.
1688 1845 1828 1890 pariter¹

1009 1904 1132 1936 equum
1177 1905 1270 1926 suum
1313 1893 1498 1938 alloquitur
1538 1892 1731 1927 Mezentius
1763 1903 1818 1936 ap.
1842 1888 1847 1921 Ι

1014 1939 1108 1982 Virg.
1155 1941 1217 1979 10,
1251 1939 1353 1980 861.,
1392 1939 1483 1973 sicut
1513 1939 1647 1972 hastam
1680 1935 1847 1971 Turuus²‘

1055 2123 1133 2158 400
1162 2123 1324 2156 Βαλία,
1350 2122 1401 2155 ita
1423 2121 1602 2165 Bentlejus
1625 2121 1730 2155 scribi
1746 2121 1816 2165 jus·
1805 2134 1824 2153 -ι
1843 2130 1847 2162 1

1008 2168 1055 2201 sit
1078 2169 1262 2202 secundum
1280 2168 1487 2212 Hesychium
1511 2173 1548 2201 et
1566 2167 1615 2201 Et
1641 2167 1822 2211 mologum,1
1846 2182 1847 2187 =

1010 2226 1066 2259 ap.
1089 2225 1174 2258 quos
1193 2214 1321 2259 legitui
1343 2215 1479 2253 Βαλίας
1500 2218 1535 2246 et
1559 2179 1712 2248 Βαῖίαν.
1744 2213 1821 2247 vul-

1010 2272 1074 2305 go·
1102 2263 1222 2295 Βαλίε.
1255 2259 1478 2304 corrigendus
1501 2258 1608 2302 igitur
1630 2257 1667 2294 π’
1681 2284 1692 2301 ,
1719 2259 1821 2297 149.*'

1057 2307 1136 2341 401.
1183 2305 1344 2340 revocavi
1385 2305 1589 2350 scripturam
1633 2304 1820 2350 ἦνιοχῆαςε

1010 2363 1110 2397 quam
1137 2353 1264 2386 habent
1286 2352 1366 2385 edd.
1390 2351 1504 2391 Flon,
1528 2351 1651 2393 Aldd,
1677 2352 1732 2392 Τ,
1758 2363 1819 2387 no-

1011 2403 1078 2432 tam
1110 2398 1203 2432 illam
1234 2397 1438 2438 Euanthia,
1480 2397 1695 2432 scholiastae
1725 2397 1755 2430 B
1783 2402 1819 2432 el

1010 2444 1206 2489 Lipsiensi,
1229 2455 1387 2488 quaeque
1408 2442 1516 2488 ipsius
1540 2443 1668 2477 codicis
1691 2443 1768 2478 MS.
1788 2443 1818 2478 E
1846 2452 1847 2456 ’

1010 2495 1046 2523 et.
1084 2469 1241 2533 Townlej
1247 2490 1301 2523 ani
1347 2489 1454 2523 fuisse
1496 2488 1644 2524 videtur.
1695 2489 1819 2533 vulgo-v,
1844 2500 1847 2519 a

1010 2533 1169 2582 ἡνιοχῆα
1191 2535 1377 2570 secundum
1400 2536 1502 2577 Ven.,
1527 2535 1680 2569 Moscov.
1698 2535 1817 2579 fragm
1844 2547 1847 2574 2

1012 2588 1047 2616 et
1071 2584 1125 2616 ed
1151 2583 1268 2623 Rom.‚
1299 2592 1340 2615 ex
1363 2593 1430 2626 qua
1461 2580 1496 2614 id
1519 2580 1638 2614 sumsit
1666 2581 1712 2614 H.
1738 2582 1817 2616 Ste·¹
1844 2586 1847 2612 1

1011 2630 1163 2673 phanus3
1198 2639 1262 2661 nec
1297 2627 1399 2661 aliter
1430 2626 1581 2670 Hesych.
1621 2638 1654 2660 v.
1689 2625 1822 2668 ἄλλως-ἔτ

1009 2674 1071 2708 sed
1097 2674 1241 2719 primum
1267 2673 1384 2726 aptius
1415 2677 1468 2706 est
1499 2672 1643 2716 pluralis
1665 2672 1821 2717 genez-511

1009 2721 1220 2761 sententiae,
1244 2729 1352 2763 eaque
1374 2718 1450 2762 ipsa
1476 2719 1650 2752 sententia
1672 2730 1821 2775 genera-1

1010 2766 1052 2799 lis
1076 2765 1215 2810 gravior
1233 2769 1287 2798 est
1310 2765 1484 2808 magisque
1504 2767 1696 2809 παθητικη
1717 2775 1813 2809 quan
1845 2779 1847 2795 ι

1009 2811 1090 2853 illa,
1124 2822 1190 2855 qua
1213 2821 1312 2844 unum
1335 2814 1466 2844 tantum
1490 2810 1664 2854 aurigam,
1698 2809 1807 2844 Achil-

1009 2857 1095 2899 lem,
1123 2867 1267 2891 servare
1290 2856 1456 2900 jubentur
1488 2855 1568 2900 equi
1602 2856 1652 2890 illi
1682 2855 1812 2890 immor-¹
1842 2878 1847 2895 2

1009 2904 1118 2944 tales,
1164 2913 1251 2947 quos
1290 2902 1476 2936 verisimile
1508 2905 1623 2943 esset,
1666 2901 1811 2938 instant«
1840 2902 1845 2954 ᾖ

1009 2948 1152 2984 Achillis
1175 2952 1305 2991 morte,
1334 2947 1473 2982 aliorum
1496 2947 1533 2981 in
1556 2958 1672 2982 manus
1695 2952 1809 2983 ventu-l
1839 2971 1847 2990 ρ

1010 3006 1067 3029 ros
1089 3005 1174 3028 esse.
1211 2993 1334 3028 deinde
1351 2994 1576 3038 ambiguitate
1598 2998 1694 3029 caret
1713 2991 1809 3038 ἠνιω
1838 3003 1847 3045 ,ᾗ
