1847 3277
140 152 221 194 148

766 157 1164 199 ΟΜΗΡΟΊἼ

1330 261 1347 268 a-

385 259 489 313 ,,Ἐξ
518 258 576 305 αὖ
606 267 689 307 νῦν
721 264 877 324 ἔφυγες
906 263 1125 314 θάνατον,
1153 264 1289 307 κύον]
1318 268 1345 321 ἡ
1377 263 1420 307 τέ
1450 282 1517 308 τοι
1547 266 1645 324 ἄγχι

192 319 274 362 450
302 319 410 374 ηλθε
442 318 600 361 κακόν·
631 324 716 363 νῦν
745 321 849 363 αύτέ
879 318 914 363 σ’
943 319 1159 373 ἐρύσσατο
1195 324 1360 391 Φοῖβος
1385 319 1627 374 Ἀπόλλων,

306 375 340 434 ᾧ
370 375 535 427 μέλλεις
562 374 767 430 εύχεσθαι
797 375 878 418 ίων
907 376 949 426 ἐς
979 378 1149 419 δοῦπον
1179 375 1391 420 οἷκόντων.

303 426 331 485 ἦ
360 430 447 486 θήν
482 430 524 473 σ’
555 431 721 482 ἐξανύω
751 447 799 486 γε
831 433 904 475 καὶ
932 432 1119 484 ὕστερον
1151 431 1465 503 α’ντιβολήσας

305 487 344 528 εἴ
371 488 458 529 πού
486 504 549 536 τις
578 489 651 530 καὶ
682 487 825 556 ἔμοιγε
852 491 971 531 θεῶν
1001 488 1292 558 ἐπιτάῤῥοθός
1321 490 1430 533 ἐστι·

299 546 385 585 νῦν
414 541 456 586 6’
491 546 547 586 αὐ
577 559 681 594 τους
709 542 871 595 ἄλλους
900 546 1163 601 ἐπιείσομαι,
1195 544 1247 589 ὅν
1277 562 1324 589 κε
1354 547 1510 602 κιχείω.
1525 550 1549 570 “

353 622 470 667 itaque
496 633 614 655 rursus
639 622 673 656 in
697 622 783 656 alios
805 624 955 658 Achilles
979 635 1162 658 conversus
1187 625 1302 658 varias
1327 625 1450 659 caedes
1475 625 1556 659 edit.

192 689 275 734 455

379 687 460 739 Ὡς
491 689 623 732 εἰπών
651 687 827 743 Δρύοπ’
862 685 971 734 οὖτα
1001 690 1090 735 κατ’
1124 691 1284 747 αὐχένα
1313 692 1476 746 μέσσον
1505 691 1676 737 ἄκοντι·

301 743 427 800 ἤριπε
458 745 504 788 δὲ
532 744 810 800 προπάροιθε
838 749 1003 791 ποδων.
1051 746 1074 790 6
1103 750 1150 791 δὲ
1179 749 1255 791 τὸν
1284 748 1362 802 μὲν
1393 748 1513 801 ἐάσε,

300 804 538 856 Δημοῦχον
567 802 614 845 δὲ
643 805 959 875 Φίλητορίδην,
988 802 1075 860 η’ὕν
1103 820 1171 856 τε,
1205 803 1342 860 μέγαν
1370 820 1437 856 τε,

302 857 497 927 καγγόνυ
528 859 657 912 δουρὶ
686 861 836 914 βαλών
863 859 1078 915 ἠρύκακε·
1108 861 1186 903 τόν
1205 861 1292 931 μὲν
1322 861 1464 904 ε’πειτα

300 911 497 966 οὐτάζων
526 916 643 969 ξίφει·
669 915 860 988 μεγάλῳ
869 917 1066 969 ἐξαίνυτο
1095 916 1256 988 θυμόν.

188 973 270 1016 460
300 969 441 1023 αὐταρ
474 968 497 1013 6
529 971 762 1043 Λαόγονον
791 973 864 1016 καὶ
895 972 1160 1033 Δάρδανον,
1190 970 1256 1017 υἷε
1287 974 1495 1027 Βίαντος,

301 1025 432 1094 ἄμφω
462 1026 742 1083 ἐφορμηθεὶς,
774 1030 857 1082 ἐξ’
845 1031 990 1073 ι’ππων
1024 1033 1108 1073 ώσε
1137 1034 1320 1100 χαμαζε,

298 1082 377 1125 τόν
405 1099 484 1138 μεν
500 1085 640 1153 δουρὶ
670 1086 836 1140 βαλών,
868 1086 946 1130 τόν
976 1087 1021 1130 δὲ
1048 1088 1201 1159 σχεδὸν
1230 1086 1334 1140 ἄορι
1363 1084 1529 1136 τύψας·

304 1143 435 1194 Τρωα
465 1138 510 1183 δ’
535 1139 855 1198 Ἀλαστορίδην.
899 1142 922 1186 ὁ
955 1144 1034 1198 μὲν
1065 1143 1212 1215 α’ντίος
1240 1142 1401 1212 ἤλυθε,
1433 1140 1631 1197 γούνων,

297 1198 427 1247 ε’ίπως
457 1197 504 1239 εὑ
530 1199 782 1252 πεφίδοιτο,
811 1199 981 1269 λαβών,
1012 1200 1084 1243 καὶ
1115 1200 1226 1265 ζωὸν
1257 1197 1412 1254 ἀφείη,
1820 1229 1829 1262 ‚2

187 1253 268 1296 465
298 1253 406 1322 μηόε
438 1256 774 1306 κατακτείνειεν,
805 1254 1033 1311 ὁμηλικίην
1062 1255 1257 1310 ἐλεήσας·

297 1309 477 1364 νήπιος,
508 1308 610 1353 οὐδὲ
639 1310 688 1353 τό
724 1310 834 1368 ἤδη,
869 1312 894 1355 6
924 1312 979 1355 οὐ
1009 1314 1233 1355 πείσεσθαι
1264 1311 1456 1380 ἔμελλεν

300 1365 355 1408 οὐ
384 1366 470 1419 γάρ
500 1384 541 1408 τι
566 1366 850 1423 γλυκύθυμος
879 1366 986 1423 ἀνηρ
1016 1364 1093 1423 ἦν,
1125 1366 1227 1412 οὐδ’
1258 1365 1547 1422 ἀγανόφρων,

297 1420 408 1465 ἀλλὰ
436 1421 543 1477 μάλ’
575 1424 814 1478 ἐμμεμαώς.
857 1424 880 1467 ὁ
913 1425 988 1478 μὲν
1018 1425 1176 1482 ἥπτετο
1202 1426 1363 1494 χείρεσι
1391 1423 1591 1481 γούνων,

749 1480 772 1523 6
804 1480 850 1524 δὲ
880 1481 1092 1552 φασγάνῳ
1122 1483 1232 1525 οὐτα
1260 1477 1362 1524 καθ’
1389 1481 1520 1550 ἡπαρ.

185 1538 267 1579 470
297 1536 314 1555 *
346 1534 392 1577 ἐκ
423 1535 470 1577 δέ
499 1537 541 1578 οἱ
551 1537 686 1606 ἧπαρ
719 1535 922 1587 ὄλισθεν,
952 1536 1063 1592 ἄτοὶρ
1094 1538 1228 1607 μέλαν
1257 1534 1364 1605 αἷμα
1393 1535 1490 1580 κατ’
1523 1534 1659 1580 αὐτοῦ

298 1589 464 1636 κόλπον
494 1591 746 1650 ἐνέπρησεν,
782 1593 860 1637 τὸν
891 1595 936 1638 δὲ
966 1593 1121 1645 σκότος
1150 1593 1250 1638 ὄσσε
1279 1592 1469 1646 καλυψε,

299 1478 469 1533 ἱέμενος
498 1480 708 1523 λίσσεσθ’·

172 1703 386 1739 449—454.
434 1703 483 1747 λ’,
514 1706 727 1742 362-367.
772 1707 937 1742 mirantur

127 1749 264 1793 quidam
289 1749 382 1784 docti
414 1751 532 1785 eadem
557 1752 651 1786 dicta
673 1753 708 1786 in
732 1752 852 1787 iisdem
880 1765 937 1787 re-

127 1795 189 1828 bus
211 1795 343 1840 gestis,
366 1807 439 1830 cum
461 1809 503 1831 ea
519 1798 563 1832 sit
585 1797 715 1832 indoles
733 1799 937 1834 Homericae

126 1852 294 1885 poeseos,
318 1853 405 1886 quae
425 1848 577 1877 naturam
598 1844 729 1889 spirat,
753 1857 815 1879 nec
839 1846 936 1880 novit

127 1887 378 1931 Apolloniorum
403 1894 497 1923 artes
524 1890 728 1925 rhetoricas.

172 1933 294 1969 455—
303 1933 382 1969 459.
414 1936 543 1970 ούτᾶ.
577 1934 632 1979 6',
655 1938 746 1979 319,
771 1937 837 1972 525
866 1942 933 1972 etc.

129 1997 171 2003 —
211 1975 366 2024 ἤριπε.
401 1980 454 2023 δ’,
479 1982 547 2017 462
575 1961 641 2016 etc'.
663 2003 707 2008 --
749 1981 866 2018 ἔασε.
901 1995 934 2017 v.

127 2035 204 2058 ann.
235 2025 277 2058 ad
301 2027 382 2062 312.
409 2046 447 2053 -
494 2024 580 2072 ἠΰν
609 2040 675 2071 τε,
706 2029 852 2084 μέγαν
876 2041 934 2064 τε.

127 2068 181 2115 β’,
213 2071 302 2113 653,
336 2071 386 2114 ε’,
419 2074 487 2109 628
518 2079 584 2108 etc.
616 2093 657 2098 —
717 2072 934 2130 ἠρύκακε.

126 2095 207 2151 26⁹8.
228 2135 271 2141 -—
316 2117 544 2161 ἐξαίνυτο
568 2120 739 2166 θυμόν.
776 2119 829 2163 δ’,
853 2123 932 2166 531,

129 2174 177 2203 ε,
204 2163 268 2197 155
290 2169 357 2198 etc.

173 2207 289 2242 460—
304 2210 384 2245 462.
420 2210 518 2256 Virg.
537 2214 620 2246 Aen.
646 2214 699 2254 12,
717 2214 817 2249 509.=
846 2214 936 2247 Tur-

126 2265 191 2287 nus
214 2265 296 2298 equo
321 2257 488 2299 dejectum
513 2260 693 2303 Amycum,
718 2263 937 2304 fratremque

130 2300 285 2340 Diorem,
309 2302 518 2348 Congressus
537 2306 663 2349 pedes,
687 2305 777 2339 hunc
799 2308 938 2340 venien-

127 2351 196 2379 tem
224 2348 367 2425 &wide
379 2330 527 2394 ⁰1wga,
565 2352 668 2386 Hunc
699 2363 860 2386 mucrone
876 2354 936 2395 se-

127 2393 185 2426 rit.

171 2437 252 2472 464.
286 2438 513 2483 hyperbaton.
555 2442 646 2477 haud
679 2443 766 2478 male
800 2448 936 2498 pertur-

127 2483 210 2517 bata
241 2485 352 2518 oratio
395 2487 554 2522 convenit
588 2490 790 2534 perturbato
823 2489 934 2525 animo

127 2529 368 2564 adolescentis.

172 2573 403 2611 467—469.
454 2578 564 2612 Sch.=
608 2579 933 2624 γλυκύθυμος.

127 2617 330 2675 ἀνειμένος,
347 2622 409 2657 καὶ
428 2624 617 2678 προσηνής
634 2627 678 2672 τῇ
689 2629 803 2672 ψυχῇ.
829 2628 933 2683 (Ap..

128 2664 268 2711 ἤπιος.)
316 2666 368 2713 ἀγ
379 2682 402 2704 α
412 2681 433 2702 ν
443 2668 463 2705 6
474 2683 501 2714 φ
512 2684 550 2728 ρ
544 2684 572 2706 ω
583 2685 613 2706 ν.
636 2674 755 2716 πρᾶος
778 2672 819 2707 τὸ
841 2672 934 2718 φρό-

126 2725 236 2757 νημα.
254 2733 298 2738 -
331 2714 378 2758 ἐμ
390 2727 475 2760 μεμ
486 2729 511 2751 α
522 2715 550 2750 06
564 2730 603 2759 ς,
627 2729 724 2760 acer,
751 2721 933 2754 animosus.

127 2759 283 2800 „.Horat
306 2760 346 2793 A.
376 2761 415 2795 P.
442 2764 539 2800 12οΛ
563 2765 764 2799 honoratum
789 2767 819 2799 si
837 2769 933 2808 forte

126 2783 479 2895 ἷξέἕέἔέιῖῖξζῗῖῗὲζ
509 2809 933 2913 ι’..ἽὲἷίἒεΐζῖξὲἝῖἴέ

126 2897 213 2929 nihil
223 2908 289 2929 ποτι
301 2905 442 2944 arroget
457 2903 574 2938 armis.
578 2905 601 2922 “
613 2903 657 2938 K.
676 2922 718 2927 —
745 2903 782 2937 ἶ
767 2916 781 2938 ε
792 2915 817 2946 μ
828 2916 871 2938 εν
883 2917 901 2938 ο
914 2917 932 2944 ς

127 2943 172 2975 λ
158 2956 166 2975 ι
181 2953 201 2976 σ
211 2954 230 2977 σ
240 2955 255 2978 ε
266 2945 323 2978 σθ
335 2957 358 2978 α
370 2957 401 2986 ι,
420 2949 565 3000 cupiens
578 2949 733 2992 precari,
756 2949 877 2982 velut·
869 2961 931 2983 im-

129 2993 241 3032 petum
268 2970 430 3034 precan’di
454 2993 593 3029 faciens.
630 2995 746 3029 voss*
773 2997 931 3030 strebeud

982 1708 1042 1740 ihu
1067 1707 1260 1750 anzuflehn.
1295 1706 1354 1740 sed
1381 1706 1496 1751 gladio
1517 1705 1664 1740 Achilles
1686 1716 1790 1752 prae-

982 1753 1068 1787 cidit
1091 1753 1122 1786 ei
1147 1764 1280 1805 preces,
1810 1754 1814 1800 ξ
1834 1757 1847 1791 ι,

1027 1798 1107 1835 470.
1132 1800 1229 1835 Sch.·
1256 1797 1463 1834 ὄλισθεν.
1489 1795 1561 1842 (ψ’,
1581 1795 1679 1840 774.)
1708 1794 1788 1832 ἕπε·
1834 1801 1847 1838 1'1

979 1891 1054 1925 sive
1071 1888 1417 1944 oe6to6intelligas‘'
1394 1902 1545 1936 ηπατος,
1562 1889 1636 1924 sive
1651 1889 1788 1932 Τρῶος.
1833 1907 1847 1929 ω

979 1937 1165 1991 scribamus
1202 1935 1389 1978 κάταντα,
1430 1937 1558 1971 subter.
1614 1935 1788 1969 defluebat

979 2025 1021 2064 δ’
1046 2028 1210 2071 ἄναντα,
1234 2028 1418 2070 κάταντα,
1442 2026 1618 2072 πάραντά
1642 2040 1692 2069 τε,
1718 2027 1785 2063 66-

978 2087 1068 2120 χμια
1089 2073 1126 2110 τ’
1135 2101 1144 2118 ,
1171 2055 1301 2120 ἦλθον.
1345 2054 1470 2110 fefe’nit
1499 2075 1555 2108 hic
1586 2085 1720 2120 quoque
1743 2073 1785 2107 Ιί-

980 2121 1132 2163 brarios,
1167 2126 1204 2156 ut
1228 2126 1281 2156 tot
1305 2121 1380 2155 aiiis
1410 2121 1446 2155 in
1468 2120 1575 2163 locis,
1609 2120 1786 2174 neglectus

980 2168 1211 2212 apostrophus
1235 2172 1271 2202 et
1295 2180 1319 2202 α
1348 2171 1384 2202 et
1409 2178 1455 2202 ov
1477 2167 1668 2201 litterarum
1692 2165 1805 2204 simi-¹

980 2213 1111 2255 litudo;
1129 2225 1271 2258 cumque
1288 2214 1392 2247 semel
1407 2212 1572 2258 scnptum
1592 2218 1685 2247 esset
1697 2209 1785 2247 κᾶτ-
1802 2236 1805 2245 .

983 2272 1121 2301 αντου,
1152 2259 1286 2294 exstitit
1319 2264 1517 2300 corrector,
1549 2259 1608 2305 qui
1640 2258 1788 2294 fidenter

982 2285 1146 2350 ponere’t,
1172 2306 1263 2350 quod
1287 2316 1421 2340 sensum
1440 2305 1596 2347 haberet,
1618 2302 1698 2340 κατ’
1720 2303 1789 2340 αύ-

980 2352 1061 2386 τοῦ.
1101 2362 1292 2397 quanquam
1318 2356 1353 2386 ει.
1371 2352 1462 2386 sorte
1478 2364 1499 2386 ν
1516 2350 1550 2385 in
1573 2363 1597 2386 υ
1621 2355 1786 2386 mutatum

982 2408 1056 2432 esse
1081 2401 1214 2454 potest,
1240 2402 1279 2432 ut
1300 2397 1387 2431 alias
1410 2409 1476 2432 non
1499 2397 1614 2432 semel.
1797 2400 1801 2434 ,ἑ
1835 2413 1841 2433 z

1027 2445 1106 2479 471.
1149 2440 1256 2478 ἐνέπ
1267 2455 1428 2489 ρ,ησεν
1475 2444 1620 2487 inflavit.
1668 2453 1704 2477 v.
1736 2440 1800 2487 oe',z

980 2487 1060 2531 481,
1079 2487 1129 2531 π’,
1147 2490 1227 2526 350.
1253 2489 1412 2524 Comicus
1430 2489 1534 2546 Vesp.
1545 2490 1624 2525 36=
1649 2487 1785 2533 ἔχουσα
1798 2508 1804 2522 ι

981 2535 1131 2591 φωνήν
1143 2534 1420 2581 ἐμπεπρημένης
1448 2533 1528 2576 ὑός.
1570 2535 1620 2569 ibi
1643 2535 1785 2570 Schol.:
1796 2563 1798 2566 .

979 2581 1081 2625 ἐμπ.
1106 2578 1190 2617 ἀντὶ
1214 2584 1283 2618 τοῦ
1304 2580 1607 2639 ἐμπεφυσημένης
1629 2582 1692 2617 καὶ
1714 2594 1785 2616 πα-

978 2629 1096 2673 χείας·
1121 2630 1256 2673 πρῆσαι
1272 2627 1342 2675 γοὶρ
1358 2627 1399 2664 τὸ
1419 2630 1592 2672 φυσῆσαι.
1621 2627 1670 2660 sic
1684 2628 1783 2662 V.rat
1794 2658 1795 2663 ,

980 2677 1024 2716 (ι,
1059 2685 1142 2709 unus
1169 2674 1312 2710 Vindob.
1347 2679 1383 2708 et
1414 2673 1550 2709 Townl.
1584 2673 1700 2707 schol.
1733 2676 1783 2708 Α.
1792 2695 1794 2699 -

980 2718 1241 2765 ἐνέπρησεν
1269 2720 1463 2764 Φιλόξενος
1486 2719 1595 2763 (haud
1619 2719 1724 2753 dubie
1739 2719 1794 2753 11-ss

978 2768 1041 2801 bro
1065 2768 1146 2810 περὶ
1169 2768 1244 2801 τῶν
1267 2765 1352 2811 παρ’
1371 2765 1520 2812 Ομήρῳ
1536 2766 1717 2810 γλωσσῶν.
1751 2777 1783 2801 v.

979 2813 1011 2847 H
1037 2817 1071 2846 et
1095 2812 1233 2847 Fabric.
1261 2814 1500 2858 Bib1i0t11.gr.
1531 2812 1597 2846 hoc
1619 2811 1791 2869 nomine.)

977 2858 1040 2893 καὶ
1060 2857 1295 2904 Ἀρίσταρχος.
1321 2859 1554 2904 (scribendum
1574 2861 1680 2915 puto:
1704 2855 1782 2893 κατ’

974 2904 1211 2950 Ἀρίσταρχον.
1254 2918 1286 2942 v.
1308 2905 1517 2950 sequentia.)
1548 2903 1629 2948 περὶ
1653 2901 1695 2938 δὲ
1716 2905 1791 2948 τῆς

975 2951 1122 3006 γραφῆς
1145 2950 1372 3006 Ἀριστάρχου
1397 2950 1436 2987 ἐν
1459 2950 1641 2995 ποιήματί
1669 2950 1722 2994 (h.
1746 2961 1778 2986 e.
1786 2960 1789 2978 ι
1810 2987 1812 2990 ⁴

976 2998 1012 3031 ἰιι
1038 2998 1101 3031 hoc
1125 2997 1291 3040 carmine,
1318 2997 1554 3042 h.1.11iadis.)
1583 3007 1694 3041 φησιν
1717 3008 1779 3032 ου·
1815 2995 1843 3034 ὶι

1844 2725 1847 2750 1

1843 2780 1847 2797 ι

1838 2826 1847 2893 ἒ

1837 2920 1844 2939 l(

1836 2967 1847 2989 ff
