1847 3277
90 150 172 189 128

721 148 1126 190 ΟΜΗΡΟΥ

257 258 284 314 ἡ
315 255 357 300 δ’
392 254 548 310 ἄμυδις
577 256 795 299 καλέσασα
823 255 959 305 θεους
989 255 1095 311 μετὰ
1123 260 1270 310 μῦθον
1300 257 1430 299 ἔειπε·

146 318 227 359 115

342 313 639 366 ,,Φράζεσθον
668 313 721 368 δή
755 317 892 381 σφῶϊ,
926 315 1174 355 Ποσείδαον
1202 314 1273 356 καὶ
1299 313 1495 371 Ἀθήνη,

258 370 306 412 έν
337 370 494 424 φρεσὶν
522 368 804 439 ὑμετέρῃσιν,
839 368 957 417 ὅπως·
986 369 1106 411 ἔσται
1133 368 1234 413 τάδε
1266 370 1380 423 ἔργα.

255 428 434 476 Αἰνείας
466 425 533 468 ὅδ’
565 425 662 480 ε’βη,
693 425 1017 477 κεκορυθμέιος
1049 427 1205 468 αἴθοπι
1234 429 1403 494 χαλκῷ,

259 481 385 524 αντία
416 483 686 536 Πηλείωνος·
718 479 851 549 α’νηκε
882 481 928 524 ὸὲ
961 485 1124 536 Φοῖβος
1148 481 1388 524 Ἀπόλλων.

259 537 355 581 ἀλλ’
386 537 535 593 ἄγεθ’,
566 537 688 592 ἡμεῖς
717 539 795 589 πέρ
827 554 902 592 μιν
932 537 1259 592 ἀποτρωπῶμεν
1289 536 1456 581 ὀπίσσω

146 603 226 641 120
257 594 471 637 αὐτόθεν·
504 594 533 649 ἤ
563 611 624 642 τις
654 593 798 635 ἔπειτα
828 595 899 635 καὶ
930 594 1094 663 ἡμείων
1119 595 1289 649 Ἀχιλῆϊ

257 653 496 705 παρσταίη.
529 652 626 704 δὀιη
656 650 702 692 ὸὲ
731 648 891 700 κράτος
921 652 1053 704 μέγα,
1084 653 1190 705 μηὸέ
1221 669 1261 692 τι
1287 654 1416 706 θυμῷ

257 709 471 755 δευέσθω,
502 708 574 748 ἴνα
605 707 718 775 εἰδῇ,
753 705 776 748 ὅ
809 723 881 748 ιιιν
911 707 1142 760 φιλέουσιν
1173 707 1343 761 ἄριστοι

260 762 521 809 ἀθανάτων,
554 764 597 804 οἱ
628 761 670 804 6'
706 761 803 804 αὐιτ’
835 761 1090 816 ἀνεμώλιοι,
1124 781 1165 806 οι
1196 763 1387 817 τοπάρος
1414 778 1492 816 περ

263 820 433 871 Τρωσὶν
465 819 684 874 ἀμύνουσι
712 818 927 872 πτόλεμον
956 821 1026 862 καὶ
1058 822 1272 889 δηϊοτῆτα.

149 880 228 923 125
258 878 415 926 πάντες
446 875 488 919 6’
523 874 778 928 Οὐλύμποιο
811 875 1090 930 κατνλθομεν
1121 876 1379 925 ἀντιόωντες

259 935 388 986 τησδε
418 932 576 988 μάχης,
608 948 679 973 ινα
709 930 809 988 μήτι
838 949 943 986 μετα
981 932 1172 986 Τρώεσσι
1201 933 1372 988 πάθῃσι

259 988 467 1044 σήμερον·
500 989 687 1040 ὕστερον
724 990 826 1030 αύτε
856 990 908 1030 τὰ
939 992 1150 1040 πείσεται,
1187 989 1300 1032 ἄσσα
1331 990 1374 1032 οἱ
1403 986 1518 1032 Αἷσα

257 1046 498 1123 γεινομένῳ
530 1044 706 1113 ἐπένησε
735 1047 862 1102 λίνῳ,
894 1046 965 1088 ὅτε
995 1064 1070 1099 μιν
1099 1048 1193 1089 τέκε
1220 1047 1391 1115 μήτηρ*

262 1104 321 1156 ξεί
354 1101 394 1145 δ’
422 1101 619 1156 Ἀχιλεὺς
648 1100 702 1143 ου’
732 1109 868 1144 ταῦτα
897 1107 1016 1145 θεῶν
1047 1103 1092 1146 ἐκ
1122 1102 1323 1146 πεύσεται
1353 1101 1519 1173 ὀμφῆς,

156 1165 235 1205 130
266 1157 418 1202 δείσετ’
451 1157 617 1207 ἔπειθ’,
654 1156 725 1199 ότε
755 1158 829 1200 κέν
858 1175 922 1209 τις
953 1159 1053 1201 έναι
1059 1162 1199 1215 τίβιον
1232 1160 1332 1208 θεὸς
1363 1159 1469 1215 ε’λθῃ

263 1216 310 1258 ἐν
338 1214 536 1274 πολέμῳ·
568 1215 746 1270 χαλεποὶ
777 1216 822 1258 δὲ
850 1216 949 1258 θεοὶ
979 1218 1217 1271 φαίνεσθαι
1247 1217 1454 1268 ἐναργεῖς.
1467 1218 1480 1267 ]

312 1307 372 1340 sed
397 1317 499 1339 suasu
525 1305 678 1349 Neptuni
704 1305 758 1337 dei
785 1305 959 1338 abstinent
982 1316 1112 1351 pugna,
1140 1318 1284 1351 eamque
1310 1305 1578 1349 contemplantes
1603 1315 1753 1338 seorsum
1798 1339 1802 1352 Ι

230 1353 267 1385 in
289 1353 470 1386 contrariis
494 1352 643 1396 speculis
672 1351 863 1385 considunt.

345 1430 435 1486 Τὴν
465 1428 507 1473 δ’
541 1425 730 1485 ἠμείβετ’
763 1429 906 1472 ε’πειτα
939 1430 1193 1474 Ποσειδάων
1224 1430 1493 1499 ἐνοσίχθων·

263 1486 428 1543 ,,”Ηρη,
459 1504 517 1542 μη
547 1487 775 1542 χαλέπαινε
803 1486 940 1540 παρὲκ
969 1485 1100 1530 νόον·
1135 1488 1239 1531 ου’ὄέ
1271 1489 1311 1530 τί
1341 1499 1387 1530 σε
1416 1485 1508 1543 χρή

95 1602 317 1659 ἄμυδις,
329 1601 440 1646 ὁμοῦ.
465 1599 506 1641 ι’,
532 1603 554 1637 6
575 1606 640 1635 etc.
667 1620 708 1625 —
744 1599 901 1645 ἀνῆκε.

93 1647 142 1693 ε’,
168 1651 257 1691 405,
284 1646 339 1692 η’,
367 1650 515 1684 152etc.
532 1666 577 1672 —
613 1647 904 1688 cino-comnm—

93 1708 200 1740 μεν,
225 1693 501 1737 ἀποτρέπωμεν.
535 1706 569 1727 v.
592 1695 668 1728 109.
704 1694 832 1738 Odyss.
853 1692 902 1735 π’,

93 1742 198 1778 405..
224 1743 258 1776 εἰ
282 1740 321 1776 δέ
344 1740 374 1775 κ’
399 1739 649 1783 ἀποτρωπῶσι
671 1740 774 1779 θεοὶ,
806 1739 904 1774 παύ-

94 1789 236 1824 σασθαι
268 1787 403 1831 ἄνωγα.
457 1788 501 1820 cf
536 1786 619 1820 ibid.
658 1783 719 1830 φ’,
757 1788 833 1820 112.
860 1804 905 1810 —

93 1860 118 1877 ‚‚
108 1833 311 1877 ,κράτος
335 1833 453 1878 μέγα
476 1834 657 1866 victoriam
682 1811 779 1872 dicit,
804 1837 842 1864 ut
865 1829 906 1873 ζ,

94 1882 184 1922 387,
210 1879 242 1914 ο’
253 1905 262 1922 ,
287 1882 366 1935 216.
404 1880 450 1913 cf.
475 1878 524 1921 ν’,
546 1880 625 1914 743.
650 1880 753 1912 robur
776 1877 828 1922 sig
830 1877 905 1911 nifi-

95 1932 154 1961 cat
186 1938 255 1960 vox
277 1925 412 1968 κράτος
432 1923 470 1960 π’
483 1950 492 1968 ,
513 1904 595 1960 ⁹524.
624 1943 668 1950 —
715 1923 831 1968 μηδέ
862 1937 907 1958 τι

96 1975 237 2018 θυμῷ
275 1972 503 2013 δευέσθω,
538 1983 599 2004 neo
630 1970 818 2014 quidquam
850 1982 907 2003 re-

97 2020 215 2064 quirat
247 2026 307 2053 aut
337 2018 513 2052 desideret
547 2018 681 2057 animo;
715 2016 907 2060 germanice

98 2066 134 2100 id
159 2065 273 2099 dicas.
307 2066 378 2098 und
409 2076 446 2098 cr
479 2064 586 2109 habe,
620 2074 693 2096 was
717 2064 788 2095 sein
815 2063 907 2096 Herz

98 2111 255 2156 begehrt.
274 2129 319 2136 —
353 2110 397 2146 οὶ
423 2108 461 2145 δ’
486 2107 592 2144 αὕτ’
617 2110 708 2143 εἰσιν
732 2107 909 2165 ἀνεμω-

98 2160 209 2193 λιοι.
210 2157 374 2212 ellipsis
396 2157 570 2200 frequens.
612 2155 763 2199 pertinet
786 2156 850 2188 huc
876 2152 909 2195 ὃ,

99 2203 122 2238 i.
148 2215 178 2238 e.
207 2216 285 2244 οτι,
323 2215 364 2237 ex
389 2202 566 2246 superiore
591 2213 708 2235 versu.
755 2201 799 2234 de
823 2213 910 2235 voce

100 2247 203 2293 ἄνεμ.
227 2261 259 2284 v.
287 2261 363 2283 ann.
398 2251 442 2284 ad
477 2247 531 2288 δ’,
556 2249 635 2284 355.
685 2253 840 2281 ventosus
863 2246 911 2280 si-

98 2296 170 2330 mili
188 2307 291 2330 sensu
305 2296 424 2329 dicunt
443 2295 570 2329 Latini.
591 2315 636 2319 —
663 2292 910 2348 ,,τοπάρος,

98 2341 274 2387 ἐξαρχῆς,
300 2349 401 2382 ante,
427 2342 569 2375 adhuc!
560 2344 582 2360 **
614 2342 668 2375 Ex
693 2340 749 2381 H,
778 2341 834 2373 cui
858 2339 912 2372 fa-

99 2388 165 2422 cile
197 2387 509 2433 obtemperavimus
538 2386 695 2442 suadenti
728 2384 914 2429 ἀμύνουσι

98 2432 279 2479 πτόλεμον
303 2445 366 2479 pro
390 2433 531 2477 vulgato
556 2430 782 2477 ἀμύνουσιν
806 2431 914 2468 πόλε-

98 2493 198 2524 μον.

148 2527 362 2562 125-128.
399 2523 484 2558 dicit
509 2535 667 2566 causam,
701 2537 762 2559 cur
785 2525 836 2558 ita
859 2525 914 2559 fa·-

99 2572 253 2607 ciendum
277 2573 337 2613 sit,
362 2571 443 2617 quia
465 2570 538 2604 scil.
563 2570 606 2604 ad
625 2571 830 2604 servandum
850 2572 913 2605 ho-

99 2619 156 2653 die
189 2617 356 2652 Achillem
389 2616 440 2651 dii
472 2616 504 2649 in
540 2616 605 2649 hoc
641 2623 814 2651 certamen
850 2619 913 2651 de-

100 2664 306 2699 scenderint.
328 2683 375 2688 —
409 2660 647 2704 ,,ὕστερον
671 2682 716 2688 -
739 2661 911 2708 μήτηρ.

101 2711 230 2756 primus
263 2709 319 2744 hic
349 2710 444 2743 locus
478 2715 532 2742 est
556 2708 695 2742 Homeri
725 2710 768 2743 de
791 2710 911 2743 Parcis

101 2756 160 2791 fila
183 2755 304 2790 vitalia
327 2756 508 2796 nentibus;
533 2754 633 2788 alteri
662 2755 729 2789 duo
753 2762 833 2790 sunt
857 2753 897 2790 ω’
901 2782 911 2799 ,

101 2804 182 2838 210.
213 2808 249 2836 et
274 2801 402 2846 Ody.ss
432 2801 489 2845 η’,
517 2802 590 2836 196
601 2825 612 2841 ,
645 2801 770 2845 quibus
803 2803 913 2836 addas

102 2848 148 2882 de
170 2848 259 2882 Jove
283 2848 377 2882 dicta
411 2847 469 2881 illa
497 2848 753 2904 μεταφορικῶς
778 2848 914 2903 Od)ss.

105 2893 161 2934 δ’,
184 2894 283 2929 208..
317 2891 471 2935 ἀνέρος,
497 2888 566 2939 aits
591 2895 761 2935 Κρονιων
778 2891 916 2939 Ὄλβον

104 2919 287 3020 ἐΕΣπῖκέΙώση
310 2939 484 2984 γαμέοντί
517 2952 575 2982 τε,
609 2939 807 2986 γεινομένῳ
831 2953 880 2976 τε.
894 2943 915 2960 “

996 1603 1211 1637 129—131.
1253 1606 1438 1658 suspecta,
1469 1599 1634 1646 siquidem
1667 1598 1761 1632 nulla

947 1649 984 1682 in
1008 1649 1232 1691 sequentibus
1257 1655 1309 1681 est
1333 1646 1437 1691 ὀμφή
1463 1649 1587 1687 θεῶν,
1624 1647 1759 1689 qualem
1803 1673 1806 1676 .

950 1695 1036 1728 dicit
1059 1695 1161 1733 Juno,
1187 1696 1261 1727 sive
1285 1695 1376 1727 illam
1400 1691 1527 1737 ὀμφην
1550 1693 1759 1736 interprete-

949 1741 997 1774 ris
1022 1752 1138 1774 vocem
1164 1741 1316 1780 deorum,
1340 1740 1412 1773 sive
1437 1751 1552 1780 omen,
1576 1744 1760 1778 ostentum,

951 1787 1133 1820 oraculum.
1166 1786 1251 1819 dicit
1273 1785 1360 1819 enim
1383 1785 1448 1820 dea
1467 1782 1595 1829 ὀμφήν
1618 1785 1762 1827 ejusmo-
1799 1775 1815 1818 ⁶.

952 1833 1009 1874 di,
1035 1845 1075 1866 ex
1102 1844 1168 1876 qua
1192 1831 1363 1875 intelligat
1386 1832 1557 1872 Achilles,
1582 1842 1620 1864 se
1644 1840 1758 1863 carum
1800 1826 1813 1873 ’,Ξ

953 1890 1028 1912 esse
1064 1878 1130 1911 diis
1155 1877 1422 1923 potentissimis,
1465 1889 1529 1912 nec
1561 1876 1687 1911 cedere
1717 1887 1759 1909 eo

952 1925 1086 1958 nomine
1107 1927 1260 1961 Aeneae
1287 1924 1341 1957 cui
1361 1924 1528 1957 debiliora
1544 1928 1675 1957 tautum
1699 1933 1763 1955 nu-

953 1971 1043 2004 mina
1074 1970 1143 2003 sint
1176 1962 1357 2014 praesidio.
1401 1976 1437 2004 at
1467 1969 1599 2003 illorum
1623 1969 1762 2002 deorum

953 2028 1049 2050 nemo
1073 2028 1183 2060 neque
1207 2016 1366 2050 convenit
1389 2027 1478 2049 nunc
1502 2016 1679 2053 Achillem,
1702 2025 1763 2048 ne-
1804 2015 1809 2021 '

954 2075 1020 2107 que
1054 2074 1128 2095 eum
1161 2062 1370 2105 alloquitur,
1405 2062 1467 2095 sed
1502 2061 1570 2095 illis
1593 2059 1763 2104 tranquil-

955 2110 988 2142 le
1019 2108 1302 2152 adspectantibus
1334 2107 1603 2151 congrediuntur
1629 2107 1764 2148 heroes,

955 2156 1115 2200 quodque
1134 2154 1258 2188 Achilli
1275 2165 1372 2187 omen
1390 2154 1476 2187 facit
1494 2154 1676 2197 Neptunus
1696 2153 1766 2188 322
1808 2163 1814 2173 “

1144 2200 1179 2233 id
1203 2212 1268 2233 non
1300 2211 1374 2233 eam
1397 2200 1462 2233 vim
1488 2200 1612 2242 habet,
1650 2205 1689 2232 ut
1712 2210 1763 2240 se,
1804 2200 1815 2242 j

956 2220 999 2226 -
1010 2202 1089 2236 324.
1102 2227 1112 2243 ‚

956 2247 1018 2280 sed
1041 2254 1079 2280 ut
1102 2249 1251 2280 Aeneam
1285 2246 1350 2279 diis
1381 2257 1484 2279 curae
1516 2257 1592 2279 esse
1616 2245 1764 2278 Achilles

957 2300 1156 2336 cognoscat.
1191 2297 1369 2336 praeterea
1383 2291 1500 2325 mirum
1520 2303 1621 2336 quam
1639 2292 1766 2325 abhor-
1799 2300 1826 2335 .;
1846 2317 1847 2327 1

957 2346 1013 2373 ret
1038 2340 1082 2372 ab
1110 2338 1251 2372 Achillis
1275 2338 1414 2392 ingenio
1437 2343 1556 2377 metus,
1581 2349 1679 2382 quem
1704 2337 1766 2371 ha·
1797 2345 1826 2379 μ

960 2387 1096 2420 biturus
1120 2397 1196 2419 esse
1216 2386 1363 2425 dicitur,
1387 2384 1417 2418 si
1439 2385 1518 2428 quis
1541 2384 1608 2428 ipsi
1631 2383 1766 2418 obviam

960 2433 1078 2466 veniat
1100 2432 1135 2465 in
1159 2443 1272 2476 pugna
1298 2431 1401 2470 deus,
1433 2442 1509 2464 cum
1533 2430 1672 2464 divinae
1694 2440 1766 2463 ma-

959 2479 1023 2512 tris
1064 2478 1262 2512 commercio
1302 2482 1457 2510 assuetus
1494 2477 1562 2518 sit,
1604 2486 1769 2519 comaque

959 2531 1114 2559 retentus
1138 2536 1158 2558 a
1182 2524 1340 2557 Minerva
1370 2521 1404 2558 α’
1412 2548 1423 2564 ,
1450 2524 1525 2558 197.
1561 2522 1669 2571 primo
1694 2521 1770 2565 qui·-

961 2572 1035 2605 dem
1061 2575 1291 2623 expavescat,
1326 2569 1409 2610 sed,
1445 2574 1483 2602 ut
1514 2579 1586 2602 eam
1612 2567 1766 2611 agnovit,

959 2628 1172 2671 nequaquam
1190 2615 1336 2656 timidus,
1362 2626 1426 2649 nec
1443 2614 1607 2648 Diomede
1626 2614 1664 2655 ε’,
1684 2612 1765 2649 434.

959 2663 1101 2698 inferior
1113 2663 1236 2702 animo,
1257 2672 1330 2695 cum
1350 2672 1391 2695 ea
1410 2660 1634 2705 colloquatur
1661 2671 1767 2713 quare

959 2710 1053 2743 bisce
1075 2720 1182 2743 uncos
1205 2707 1352 2760 impegi,
1375 2712 1537 2750 tanquam
1561 2704 1766 2740 adventiciis
1808 2726 1809 2729 =

960 2754 1148 2799 alienisque
1181 2766 1202 2789 a
1235 2751 1376 2787 consilio
1407 2752 1563 2786 Juuonis.
1616 2759 1766 2787 ceterum

961 2801 1189 2854 periculosum
1209 2799 1384 2833 veteribus
1415 2799 1524 2832 visum
1549 2810 1623 2832 esse
1647 2808 1768 2832 occur-

961 2859 1035 2881 sum
1066 2846 1229 2885 numinis,
1265 2855 1361 2879 nemo
1393 2845 1546 2888 ignorat.
1583 2856 1618 2878 v.
1654 2845 1687 2878 H
1721 2848 1769 2884 et,

963 2904 1047 2938 quos
1071 2891 1244 2928 laudavit.
1272 2891 1372 2927 Paus.
1395 2895 1450 2933 10,
1474 2893 1544 2934 35„
1568 2890 1700 2925 Aelian.
1723 2889 1769 2924 H.

964 2942 1004 2976 A.
1031 2942 1094 2980 11,
1121 2940 1174 2973 17.
1199 2938 1362 2994 aliosque.

1015 2984 1202 3026 133,134.
1246 2981 1392 3028 παρὲκ
1417 2981 1545 3020 νόον.
1574 2981 1646 3027 (κ’,
1669 2981 1770 3025 391)
1814 2982 1820 3015 ’.
