1847 3277
125 128 209 168 106

765 128 1163 170 ΟΜΗΡΟΥ

296 235 466 289 Τρωσὶν
495 234 560 292 ἐφ’
591 236 904 292 ἱπποδάμοισιν
934 235 1152 292 ἐγείρομεν
1181 236 1288 290 ὀξύν
1316 236 1479 293 ἄρηα-ιζ

465 319 682 350 arcessuntur
704 315 820 360 itaque
844 315 951 356 dona,
976 316 1083 360 fitque
1107 316 1322 351 sacrificium.

360 377 439 433 H,
471 383 544 426 καὶ
573 384 798 437 Νέστορος
830 379 931 433 υἷας
960 381 1182 426 ὀπάσσατο
1213 386 1495 438 κυδαλίμοιο,

294 440 512 510 Φυλείδην
540 455 584 482 τε
614 440 816 508 Μέγητα,
855 439 1028 482 Θόαντά
1055 455 1122 486 τε,
1152 440 1391 508 Μηριόνην
1420 456 1486 489 τε,

176 495 259 538 240
289 495 364 538 καὶ
393 494 711 551 Κρειοντιάδην
740 494 1023 550 Λυκομήδεα,
1052 495 1125 538 καὶ
1154 495 1459 539 Μελάνιππον.

288 550 374 621 βάν
404 553 442 595 δ’
476 554 572 607 ίμεν
601 552 644 601 ἐς
672 553 844 606 κλισίην
868 551 1186 621 Ἀγαμέμνονος
1211 550 1445 605 Ἀτρείδαο

292 606 430 650 αὐτίκ’
459 607 599 650 ἔπειθ’
629 607 720 661 οἶμα
748 612 893 662 μῦθος
924 609 1018 663 ἔην,
1048 607 1262 651 τετέλεστο
1292 609 1338 652 δὲ
1369 610 1520 678 ε’ργον·

287 662 395 706 ἑπτα
424 664 503 718 μὲν
533 664 579 706 ἐκ
607 666 773 719 κλισίης
801 667 1010 718 τρίποδας
1040 664 1201 719 φέρον,
1231 664 1309 715 οὕς
1341 682 1383 708 οι
1411 664 1595 720 ὑπέστη,

287 721 483 769 αἴθωνας
513 719 559 762 δὲ
588 720 771 780 λέβητας
800 720 982 772 ἐείκοσι,
1017 721 1186 764 δώδεκα
1217 721 1258 763 δ’
1289 723 1474 771 ἴ·ππους

174 776 257 819 245
286 775 333 818 ἐκ
365 774 407 819 δ’
440 775 549 831 ἄγον
580 781 690 827 αἰψα
718 781 953 832 γυναῖκας,
983 775 1188 831 ἀμύμονα
1220 775 1303 832 ε’ργ’
1333 779 1516 828 εἰδυίας,

286 831 378 874 ε”πτ
391 864 403 883 ,
434 832 544 886 άταρ
574 831 792 905 ὀγδοάτην
822 836 1035 901 Βρισηίδα
1064 833 1375 903 καλλιπάρῃον.

284 892 454 942 χρυσοῦ
486 888 532 932 δὲ
563 890 721 961 στήσας
748 889 951 940 Ὀδυσεὺς
985 891 1090 959 δέκα
1118 889 1262 932 πάντα
1290 889 1480 932 τάλαντα

284 943 381 999 ηρχ’
397 976 408 995 ,
438 944 529 1000 οἶμα
558 945 603 1016 δ”
642 945 766 989 α’λλοι
795 949 917 1000 δῶρα
947 947 1087 1001 φέρον
1116 944 1325 1017 κούρητες
1341 945 1543 1018 Ἀχαιῶν.

284 1002 357 1043 καὶ
387 1001 440 1043 τά
469 1002 548 1057 μὲν
575 1001 623 1044 ἐι
651 1002 787 1059 μέσσῃ
819 1001 958 1059 άγορῆ
988 1003 1139 1046 θέσαν.
1185 1001 1240 1045 ἂν
1272 1001 1315 1046 δ’
1341 1001 1620 1072 Ἀγαμέμνων

171 1060 254 1101 250
285 1058 456 1099 ι’στατο·
493 1058 745 1114 Ταλθύβιος
775 1059 842 1108 δὲ,
871 1063 963 1114 θεῳ
993 1059 1235 1114 ἐναλίγκιος
1267 1058 1428 1114 αὐδήν,

285 1112 460 1167 κάπρον
489 1116 598 1169 ἔχων
627 1115 674 1158 έν
703 1116 845 1184 χερσὶ,
877 1117 1116 1170 παρίστατο
1145 1116 1323 1168 ποιμένι
1353 1118 1485 1158 λαῶν.

280 1169 496 1242 Ἀτρείδης
526 1172 571 1213 δὲ
602 1172 894 1226 ἐρυσσάμενος
923 1174 1116 1244 χείρεσσι
1138 1170 1376 1227 μάχαιραν,

283 1226 337 1293 ἥ
343 1229 387 1269 οἱ
415 1229 503 1281 πάρ
535 1230 679 1300 ξίφεος
708 1229 817 1297 μέγα
846 1229 1030 1271 κουλεόν
1058 1229 1150 1271 αἰεν
1180 1228 1348 1280 ἄωρτο,

281 1281 456 1335 κάπρου
489 1283 573 1327 άπὸ
602 1287 747 1354 τρίχας
775 1283 1042 1338 ἀρξάμενος,
1076 1286 1156 1326 Διὶ·
1185 1289 1329 1338 χεῖρας
1358 1281 1585 1338 ανασχών,

169 1340 251 1385 255
282 1338 449 1393 εὔχετο·
484 1341 550 1383 τοὶ
582 1339 623 1383 δ’
656 1340 744 1394 ἄρα
775 1341 932 1390 πάντες
963 1339 1025 1383 ἐπ’
1058 1338 1249 1393 αὐτόφιν
1279 1342 1395 1383 εἴατο
1427 1352 1526 1396 σιγῃ

279 1394 486 1448 Ἀργεῖοι,
521 1396 632 1439 κατὰ
661 1402 848 1457 μοῖραν,
879 1396 1117 1447 ἀκούοντες
1147 1400 1367 1466 βασιληος.

282 1451 517 1508 εὐξάμενος
548 1452 592 1497 δ’
626 1452 711 1507 ἄρα
741 1458 884 1505 ειπεν,
918 1453 1026 1496 ἰδών
1056 1455 1115 1504 εἰς
1145 1451 1340 1507 οὐρανὸν
1371 1450 1533 1508 εὐρύν·

649 1533 885 1578 jusjurandum
909 1533 1180 1577 Agamemnonis.

361 1599 512 1654 ,,’Ίστω
543 1604 628 1643 νῦν
659 1601 766 1652 Ζεὺς
800 1606 971 1654 πρῶτα,
1003 1605 1121 1643 θεῶν
1151 1599 1319 1649 ὕπατος
1348 1599 1421 1641 καὶ
1453 1597 1644 1651 ἄριστος,

280 1659 343 1712 Γῆ
374 1674 440 1706 τε,
471 1657 543 1700 καὶ
568 1657 757 1709 Ἠέλιος,
790 1660 861 1700 καὶ
892 1658 1127 1712 Ἐριννύες,
1160 1656 1253 1700 αἵθ’
1283 1655 1369 1699 ὑπὸ
1400 1661 1530 1710 γαῖαν

167 1719 250 1757 260
281 1712 550 1767 ἀνθρώπους
582 1716 801 1763 τίνυνται,
833 1714 923 1763 ὅτις
952 1713 993 1757 κ’
1026 1715 1234 1766 ἐπίορκον
1265 1713 1452 1769 ὀμόσσῃ,

231 1779 249 1797 *
278 1771 336 1825 μὴ
367 1771 446 1825 μὲν
476 1770 558 1825 ἐγώ
589 1771 730 1827 κούρῃ
762 1774 965 1826 Βρισηΐδι
993 1769 1096 1826 χεῖρ’
1127 1771 1362 1821 έπενεῐκαι,

108 1860 138 1894 si
160 1860 195 1893 id
220 1860 367 1905 legerim
390 1861 424 1894 in
448 1861 555 1895 libris.
593 1865 647 1895 est
671 1868 782 1895 autem
807 1863 916 1896 conti-

107 1919 190 1940 nere
213 1918 268 1950 se,
295 1908 444 1946 morari,
469 1919 612 1940 cessare.
662 1909 753 1966 ἥδε
772 1927 815 1932 -
838 1907 916 1952 Ἀρ-

106 1953 259 1997 γείων.
296 1953 340 1986 cs.
361 1951 406 1998 β’,
427 1954 647 1989 391-393-
668 1974 713 1980 -
736 1953 913 2000 ἐγείρο-

105 2011 198 2044 μεν.
232 1998 431 2043 ἐγείρωμεν.
468 2000 520 2031 EJ:
545 2000 591 2033 H.

152 2045 273 2080 238—
286 2046 363 2080 240.
408 2045 656 2088 Νέστορος
679 2044 802 2086 υἷας.
845 2047 914 2080 An-

106 2091 268 2125 tssochum
289 2098 325 2124 et
340 2092 476 2136 Thrasy
480 2093 620 2125 medem.
655 2092 757 2125 Schn
749 2106 757 2126 :
778 2089 913 2127 όπάσ-

106 2149 232 2172 σοιτο,
257 2137 325 2181 (κ’,
349 2139 444 2182 238)
469 2141 799 2183 προσηταιρίσατο,
825 2136 912 2173 οἷκο-

104 2182 272 2223 λούθους
295 2183 411 2229 ἔλαβε.
430 2203 475 2208 -—
520 2185 721 2229 ᾹΙὲγητα.
756 2184 808 2229 β,
833 2187 911 2220 627.

104 2248 150 2256 -
187 2227 390 2265 Θόαντα.
433 2230 517 2264 ibid.
543 2232 621 2266 633
644 2251 690 2255 —
733 2230 913 2286 ,Μηριό-

105 2289 198 2321 νην.
223 2276 269 2309 ib.
295 2278 373 2311 651.
395 2295 440 2300 —
472 2276 775 2332 Λυκομήδεα.
800 2276 834 2316 ι’.
856 2276 913 2318 84,

174 2322 503 2358 Μελάνιππον
525 2322 577 2364 θ’,
595 2325 676 2365 275,
699 2321 743 2367 ο’,
760 2325 827 2359 576
845 2329 912 2357 etc.

151 2368 230 2403 242.
268 2369 321 2402 Et
347 2389 391 2393 —
416 2367 506 2412 ὅπερ
532 2349 676 2405 οἰΗκεῖόν
695 2369 768 2405 ἐστι
793 2370 913 2414 ῥηθῆ-

104 2427 167 2449 ναι
184 2414 243 2449 ἐπὶ
259 2427 332 2448 των
346 2414 534 2457 συντόμως
549 2415 687 2459 ἁνυομ
683 2415 776 2450 ’νων.
801 2417 911 2452 τοῦτο

107 2459 180 2496 δὲ
166 2459 299 2517 ὅμοιόν
319 2459 393 2496 ἐστι
416 2463 466 2506 τῷ
491 2460 564 2519 ἅμ’
593 2461 724 2505 ἔπος,
751 2459 819 2506 ἅμ’
849 2463 912 2506 ἔρ-

105 2521 208 2553 γον,
242 2505 335 2549 ἅπερ
370 2496 496 2551 (όπεο)
525 2507 727 2550 Ηρόδοτος
751 2497 913 2553 ζηλώσας

106 2556 216 2599 φησί·
241 2567 396 2588 ταντα
422 2553 540 2595 εἶπε,
576 2555 655 2589 καὶ
681 2552 774 2598 ἅμα
799 2554 911 2595 ἐπος

105 2613 153 2635 τε
180 2599 259 2635 καὶ
291 2599 651 2644 εργονὲποίεεν.
682 2602 714 2637 h.
747 2603 781 2635 in
802 2602 912 2635 Mero.

105 2647 185 2682 46.·
177 2672 185 2680 .
211 2643 261 2686 (ὃς
285 2645 346 2687 ἅμ’
374 2646 460 2686 ε’πος
486 2660 522 2681 τε
546 2646 638 2681 nal*
628 2646 732 2690 ’ἔργον
757 2646 911 2691 ἐμήδετο

105 2693 264 2736 κύδιμος
285 2689 429 2736 Ερμης.
481 2694 623 2727 T.erent
652 2694 775 2727 Heaut.
810 2695 854 2733 5,
883 2697 913 2735 1,

105 2742 186 2774 31..
210 2740 335 2773 dictum
356 2740 483 2773 factum
501 2741 565 2773 huc
584 2740 679 2773 abiit.
713 2740 803 2783 qnod
822 2741 916 2773 Ger-

107 2785 195 2819 mani
226 2785 344 2819 dicunt
377 2787 531 2830 Gesagt,
571 2788 724 2830 gethan,
764 2786 915 2820 branco-

107 2831 190 2875 galli
225 2833 376 2865 Anssito't
410 2833 482 2872 dit,
525 2833 669 2865 aussito‘t
696 2832 780 2874 fait.
827 2844 915 2876 quae

108 2880 289 2921 praeterea
310 2877 520 2921 comparavit
541 2879 642 2911 Barn.
660 2877 836 2910 notissima
857 2878 914 2911 3111

112 2924 198 2955 'l'um
223 2924 310 2956 dixit
336 2924 439 2957 deus:
478 2925 559 2957 Esto
583 2925 664 2957 lux!
696 2928 729 2956 ct
750 2924 821 2965 fuit
844 2924 913 2961 lux,

109 2969 239 3003 Genes.
274 2971 313 3009 1,
337 2970 440 3004 3-et
474 2971 546 3014 ipso
581 2970 744 3014 (jehova)
781 2969 914 3003 dicente

962 1866 1033 1900 εει,-
1057 1861 1129 1904 ipso
1151 1862 1384 1904 praecipiente
1409 1861 1540 1900 existit,
1567 1860 1687 1893 Psalm.
1711 1861 1770 1903 33,

961 1908 1016 1947 9.,
1041 1918 1108 1940 non
1128 1911 1195 1940 tam
1217 1907 1480 1947 festinationem,
1506 1918 1594 1950 quae
1617 1906 1673 1939 hic
1695 1905 1771 1950 agi-
1826 1907 1828 1915 '

960 1958 1038 1990 tur,
1074 1964 1171 1997 quam
1205 1953 1390 1998 potentiam
1423 1952 1638 1997 significant,
1675 1959 1713 1986 ut
1736 1952 1770 1986 H
1826 1957 1828 1962 '

961 1998 1216 2034 animadvertit.

1005 2056 1073 2090 243
1086 2075 1130 2080 —-
1140 2057 1219 2092 248.
1263 2067 1296 2089 v.
1323 2054 1366 2099 ι’,
1395 2057 1514 2089 122-
1528 2056 1602 2090 134.

959 2148 1029 2191 γοῦ
1053 2148 1198 2192 στήσας.
1241 2146 1360 2189 οὕτως
1391 2162 1458 2192 γαρ
1493 2161 1527 2182 οι
1552 2144 1703 2201 ἀρχαῖοι,
1722 2160 1769 2181 τοι

958 2192 1126 2238 χρήματα
1150 2194 1386 2237 ἐστάθμιζον,
1411 2193 1504 2230 ὅθεν
1523 2190 1768 2237 ὀβολοστάται

960 2241 1135 2284 ει’.ρηνται
1178 2243 1223 2277 cf.
1256 2255 1276 2275 ν
1298 2267 1308 2282 ,
1343 2242 1422 2276 745.
1467 2241 1567 2273 nauci
1602 2252 1669 2274 non
1701 2246 1766 2281 est,
1826 2258 1827 2261 =

959 2287 1052 2331 quod
1076 2287 1207 2321 addidit
1231 2287 1456 2327 Pseudodid.‚
1480 2284 1703 2331 ἀριθμήσας.
1721 2303 1766 2310 -
1826 2314 1827 2318 ,

960 2332 1071 2367 δέκα
1105 2332 1278 2368 πάντα.
1313 2332 1369 2377 η’,
1395 2336 1474 2370 161.
1508 2352 1552 2358 -
1591 2332 1767 2377 κούρη-

958 2391 1043 2418 τες.
1080 2381 1155 2415 193.

1002 2426 1212 2460 252-253-
1245 2422 1297 2468 γ’,
1321 2424 1538 2460 271-273.

1002 2483 1082 2518 255.
1117 2481 1190 2518 ἐπ’
1214 2480 1436 2524 αυτόφιν.
1461 2479 1515 2516 ἐπ’
1542 2479 1682 2522 αὐτοῖς,
1705 2479 1766 2516 ἐπὶ

956 2528 1121 2572 τούτοις,
1160 2535 1300 2572 propter
1331 2529 1416 2562 hacc
1447 2529 1564 2582 sacta,
1608 2528 1681 2561 sive
1712 2528 1766 2561 his
1836 2567 1838 2570 ἱ

952 2577 1213 2618 sactis.m'1uus
1240 2577 1325 2608 bene
1349 2575 1450 2608 Sch.:
1474 2569 1529 2608 ἐπ’
1556 2573 1674 2609 αὐτοῦ
1697 2576 1765 2608 τοῦ
1824 2586 1838 2621 f

958 2621 1091 2657 τόπου.
1836 2623 1839 2638 ¹

1005 2681 1085 2715 260.
1119 2679 1353 2713 τίνυνται.

960 2726 1046 2759 siud.
1082 2726 1127 2759 O.
1161 2729 1197 2758 et
1230 2724 1272 2757 D.
1307 2723 1408 2757 803.=

962 2783 1076 2815 φασιν
1106 2769 1300 2826 Ἐριννύας
1340 2767 1606 2812 ἀμφιπολεύειν
1627 2767 1764 2811 'Opaon

959 2831 1086 2862 τινυμε
1072 2817 1172 2858 νας,
1207 2811 1250 2850 ὃν
1265 2814 1370 2859 ’Έρις
1400 2814 1500 2856 τέκε,
1529 2815 1618 2861 πῆμ’
1644 2816 1764 2860 ἐπιόρ-

960 2877 1050 2906 κοις.
1064 2867 1090 2884 “
1121 2865 1153 2897 Ε
1178 2863 1227 2897 Cl

1006 2923 1218 2958 261—265.
1248 2917 1308 2963 μὴ
1334 2932 1416 2962 μεν
1439 2917 1536 2962 ἐγω.
1574 2919 1769 2962 intelligunt

962 2967 1097 3013 ὄμνυμι
1130 2980 1171 3002 ex
1196 2964 1358 3011 ὀμόσσῃ,
1394 2965 1506 3010 effipsi
1538 2978 1601 3001 non
1632 2965 1767 3010 quidem

1427 2678 1531 2718 ,279
1550 2682 1617 2710 etc.
1657 2701 1680 2717 ,,
1691 2677 1764 2710 He-

1452 2721 1491 2756 ἐν
1521 2721 1665 2780 πέμπτῃ
1696 2722 1766 2767 γάρ

960 2099 1142 2146 στήσας.
1167 2100 1395 2155 σταθμήσας.
1433 2102 1534 2135 Sch.:
1559 2055 1700 2135 -δξὶ
1706 2103 1768 2156 gv-
1826 2122 1827 2151 3
