1862 3277
21 1447 107 1493 quae
129 1437 252 1473 similia
277 1439 561 1474 commemoravit.
588 1440 631 1473 E.
657 1459 702 1464 -—
727 1437 827 1474 ἐπι-

19 1482 221 1528 γράψαι,
267 1487 464 1530 “ringer-‚e
522 1497 628 1532 germ.
668 1487 825 1530 streifem

18 1531 136 1565 ritzen.
173 1529 218 1572 δ’,
242 1533 331 1574 139,
354 1531 397 1573 λ’,
421 1512 501 1568 388.

64 1587 143 1624 554.
171 1595 291 1623 servat
303 1590 517 1623 Antiiochum
537 1590 724 1634 Neptunus
743 1601 827 1634 pro—

18 1634 174 1678 genitor,
199 1635 255 1669 cui
273 1642 417 1680 propter
434 1636 672 1679 cognationem
693 1648 825 1669 sacrum

16 1680 59 1714 fit
89 1681 124 1714 in
157 1682 254 1716 domo
278 1682 442 1716 Nestoris
476 1683 604 1727 Odyss.
634 1680 678 1725 γ’,
710 1682 767 1717 43.
792 1682 823 1716 Ε

16 1727 129 1782 ξσὴοῑ.
153 1729 194 1762 Β.
235 1728 280 1764 cf.
314 1729 475 1763 Nitzsch.
509 1740 588 1764 ann.
621 1729 665 1763 ad
693 1729 824 1774 Odyss.

63 1831 185 1867 556-
195 1830 275 1865 559.
321 1827 448 1866 ἄνευ
492 1827 652 1874 ἄνευθε,
700 1832 823 1876 χωρις,

19 1875 116 1917 ἑκάς.
156 1878 259 1910 Scit:
288 1878 555 1921 στρωφᾶτο.
582 1877 637 1921 (ι’,
659 1877 749 1919 459,
775 1878 822 1922 ν’,

17 1921 86 1958 422
103 1925 188 1966 etc.)
214 1921 470 1968 ἀνεστρέφετο.
497 1944 534 1950 -
562 1923 820 1961 τιτύσκετο

18 1969 147 2003 dictum
171 1975 224 2003 est
245 1972 515 2014 μεταφορικῶς.
549 1974 633 2015 Ap.:
659 1971 823 2008 τιτύσκε-

18 2027 73 2052 το.
123 2014 182 2050 ἐπὶ
223 2015 291 2059 μὲν
329 2019 399 2052 τοῦ
441 2015 681 2060 ἡτοιμάζετο·
741 2016 820 2053 ὑπ’

18 2059 291 2105 ὄχεσφιτιτ.
331 2062 402 2107 (θ’,
427 2062 493 2104 41,
524 2076 627 2110 supra
647 2065 725 2108 23.)
760 2064 822 2101 ἐπὶ

18 2106 58 2144 δὲ
81 2110 150 2144 τοῦ
181 2111 371 2154 στοχασμῷ
401 2111 585 2155 χρῆσθαι·
629 2110 820 2155 ῙΡΙηριό-

17 2166 100 2200 νης
122 2168 154 2189 κ.
178 2169 210 2189 τ.
233 2159 264 2191 λ.
290 2157 426 2200 (159),
462 2158 544 2191 καί·
593 2157 754 2193 ἰοῖσίν
775 2171 820 2194 τε

0 2200 362 2259 τιτυσκόμενοι
403 2200 474 2246 (γ’,
509 2203 603 2247 80..)
646 2204 708 2239 καὶ
740 2204 820 2240 ἐπὶ

0 2245 103 2290 ι’τοῦ
149 2251 372 2291 ψυχικαῖς
413 2250 819 2295 κατεστοχάζετο·

0 2293 66 2351 ἔμοι
101 2306 131 2328 e.
162 2297 417 2336 meditabatur,
453 2297 645 2342 studebat.)
685 2296 708 2342 ἤ
741 2311 819 2333 τευ

17 2338 672 2397 ἀκοντίσσαι-ὁρμηθῆναι.
710 2365 752 2369 -
795 2343 820 2390 ἤ

3 2399 107 2432 juv.
142 2386 206 2433 (β,
231 2390 300 2423 388
324 2389 590 2437 εῐο.)ἥτινος.

3 2437 7 2481 i
59 2446 178 2480 560—
189 2446 269 2481 562.
288 2443 568 2490 Ἀδάμαντα.
593 2446 643 2491 μ’,
674 2447 752 2483 140.
772 2467 818 2474 -

16 2486 148 2526 οὖτᾶ.
182 2489 228 2533 δ’,
252 2493 340 2533 525,
366 2493 405 2535 ε’,
429 2495 498 2528 376
521 2499 589 2528 etc.
621 2514 667 2518 —
704 2492 817 2536 άμε-

15 2535 586 2627 EZ”.3⁶„⁸?·52{⁶¹35¹23¹3{3?¹¹A
609 2551 644 2574 v
670 2539 818 2622 {2³⁸3}

14 2596 210 2675 ἐποζησε
188 2629 282 2664 κατοὲ
303 2609 479 2687 ’στέρησιν
509 2633 579 2667 τοῦ
591 2597 758 2676 ῗιένους,
794 2601 818 2669 ’ό

1 2659 88 2724 {Zeu
110 2677 176 2719 τῆς
195 2676 331 2722 ἰσχύος.
366 2678 416 2713 Ε.
443 2676 634 2724 η’χρείωσε,
656 2681 815 2714 inutilem

8 2723 168 2758 reddidit.
192 2743 238 2749 —

58 2779 138 2816 563
172 2794 193 2815 κ
203 2793 226 2815 υ
237 2793 260 2814 α
270 2795 291 2816 ν
303 2794 322 2816 ο
332 2795 353 2827 χ
365 2796 388 2817 α
400 2785 441 2818 ἴτ
453 2796 478 2819 α
500 2794 582 2817 casu
599 2787 695 2817 recto
712 2796 815 2829 prae-

0 2825 256 2912 ἰξὲξὶεευῑεῆἱὲιᾶι·
279 2827 328 2908 eg?
339 2831 469 2909 O3d90ss
480 2831 728 2918 κυαέἓέαίτης
740 2842 815 2910 issu-

0 2891 48 2950 iin
72 2916 157 2950 locis
179 2930 219 2952 eo
243 2921 377 2955 nomine
399 2889 584 2976 {leptimus
617 2888 814 2968 appgffatgss

0 2959 97 3050 'nat’
119 2962 246 3008 ἐξοχὴν
268 2977 289 2999 a
312 2968 426 3002 colore
449 2968 573 3010 maris,
598 2974 638 3002 ut
658 2981 714 3014 ap.
738 2969 812 3003 He-

11 3008 141 3045 siodum
171 3011 306 3057 Theog.
335 3015 416 3051 278.
460 3016 505 3050 cf.
529 3015 560 3049 Κ
593 3020 629 3050 et
651 3027 728 3051 ann.
765 3016 811 3051 ad

0 3130 2 3200 V

29 106 33 198 Ι
583 148 1026 191 ιΛΙΑΛοΣ
1079 149 1136 190 N.

27 221 32 269 Ι

1607 155 1691 195 189

205 261 392 314 οὔταζον
421 260 556 310 σάκος
586 258 694 314 εὐρὺ
722 260 986 311 παναίολον,
1019 257 1122 303 οὐδ’
1155 257 1368 304 ἐδύναντο

202 320 303 361 είσω
334 316 573 372 ἐπιγράψαι
601 315 755 370 τέρενα
783 315 893 371 χρόα
923 316 1046 386 νηλέϊ
1071 319 1220 387 χαλκῷ

199 373 468 429 Ἀντιλόχου·
508 373 608 426 πέρι
636 372 720 428 γάρ
753 373 808 427 ῥα
839 372 1102 416 Ποσειδάων
1130 372 1372 427 ἐνοσίχθων

25 468 27 479 .
89 434 170 477 555
199 430 448 500 Νέστορος
452 429 554 473 υἷόν
584 429 736 484 ε’ρυτο,
766 429 840 472 καὶ
870 429 917 472 ἐν
948 433 1150 472 πολλοῖσι
1179 428 1391 499 βέλεσσιν.

200 485 253 530 ού
283 488 362 541 μὲν
391 485 477 541 γάρ
508 485 608 530 ποτ’
639 485 744 528 άνευ
776 488 913 556 δηίων
942 488 1018 556 ην,
1052 483 1159 529 άλλα
1190 485 1291 528 κατ’
1323 502 1490 537 αυτ-ους

199 542 449 598 στρωφᾶτ’,
481 542 584 586 οὐδὲ
615 545 659 586 οἱ
687 543 810 609 ἔγχος
841 539 904 597 ἔχ’
939 541 1147 597 ἀτρέμας,
1184 541 1293 585 άλλα
1326 541 1432 598 μάλ’
1464 543 1548 587 αἰεὶ

195 599 423 668 σειόμενον
453 599 662 643 §mmo-
703 597 928 642 τιτύσκετο
960 600 1007 642 δὲ
1038 599 1197 654 φρεσὶν
1225 595 1351 656 ᾗσιν,

195 656 224 713 ἥ
253 673 327 700 τευ
355 655 630 708 ἀκοντίσσαι,
660 654 709 712 ἠὲ
740 653 895 711 σχεδὸν
924 655 1188 712 ὁρμηθῆναι.

521 745 720 780 Adamantis
752 744 899 790 Trojani
930 757 1033 780 morS.

245 822 359 868 ”Αλλ
392 824 446 868 ού
451 822 582 895 λῆθ’
615 822 862 884 Ἀδάμαντα
892 822 1202 878 τιτυσκόμενος
1230 822 1341 868 καθ’
1373 824 1552 882 ὅμιλον,

192 880 414 936 Ἀσιάδην,
446 880 495 932 ὅς
525 884 569 924 οἱ
598 884 708 925 οὐτα
738 882 874 936 μέσον
905 880 1040 931 σάκος
1070 879 1160 931 ὀξέϊ
1187 883 1351 950 χαλκῷ,

195 937 383 994 ἐγγύθεν
412 938 643 994 ὁρμηθείς·
686 936 966 1006 ἀμενήνωσεν
997 937 1042 981 δέ
1074 939 1119 980 οἱ
1148 937 1307 995 αἰχμὴν

193 1000 462 1064 κυανοχαῖτα
493 994 775 1045 Ποσειδάων,
804 993 973 1064 βιότοιο
1002 992 1207 1049 μεγήρας.

189 1052 262 1095 καὶ
292 1052 340 1094 τὸ
369 1051 448 1122 μὲν
480 1050 619 1094 αὐτοῦ
649 1049 785 1107 μεῖν’,
829 1050 938 1093 ὥστε
969 1055 1137 1101 σκῶλος
1166 1052 1487 1105 πυρίκαυστος,

81 1109 161 1154 565
193 1109 242 1151 ἐν
277 1106 401 1152 σάκει
425 1107 715 1178 Ἀντιλόχοιο,
759 1106 810 1151 τό
844 1106 886 1150 δ’
916 1106 1050 1163 ἥμισυ
1080 1106 1189 1150 κεῖτ’
1220 1107 1288 1150 ἐπὶ
1316 1109 1462 1164 γαίης,

192 1163 254 1215 ἂψ
285 1162 328 1208 δ’
362 1164 529 1219 ἑτάρων
560 1166 620 1216 εἰς
649 1165 783 1215 ἔθνος
813 1162 1007 1219 ἐχάζετο,
1038 1163 1142 1220 κῆρ’
1175 1163 1405 1208 άλεείνων·

189 1222 424 1278 Μηριόνης
454 1221 499 1266 δ’
531 1221 719 1265 άπιόντα
748 1220 1074 1291 μετασπόμενος
1104 1219 1208 1277 βάλε
1238 1222 1369 1276 δουρὶ

190 1280 374 1322 αἰδοίων
402 1295 448 1321 τε
477 1277 641 1349 μεσηγυ
671 1279 745 1322 καὶ
775 1278 1006 1333 όμφαλου,
1040 1279 1149 1321 ε’νθα
1180 1278 1370 1333 μάλιστα

188 1334 351 1392 γίγνετ’
383 1335 494 1392 α’ρης
523 1335 742 1393 άλεγεινός
771 1334 987 1390 ὀϊζυροῖσι
1016 1338 1267 1392 βροτοῖσιν,

874 1435 916 1481 λ’,
941 1436 1000 1474 24.
1051 1439 1170 1473 Voss.:
1214 1440 1276 1473 der
1298 1438 1589 1494 schwarzlockz‘ge
1605 1438 1686 1471 her-

873 1485 971 1518 soher
995 1485 1055 1518 des
1079 1497 1199 1519 meers.
1219 1506 1265 1510 —-
1289 1485 1403 1521 Schol.
1416 1486 1467 1519 B·
1492 1483 1684 1542 βιότοιο

872 1543 968 1575 μεγ.
1017 1531 1231 1588 φθονήσας
1259 1528 1478 1576 Ἀδάμαντι,
1526 1530 1578 1576 μή
1615 1527 1686 1566 τόν

873 1579 958 1624 βίον
977 1576 1181 1623 Ἀντιλόχου
1208 1576 1403 1624 α’φέληται.
1429 1580 1555 1623 (recte.
1579 1590 1615 1612 v.
1641 1575 1685 1616 δ’,

872 1623 918 1659 54
951 1628 1018 1658 etc.
1067 1624 1217 1658 interfici
1263 1626 1306 1659 ab
1342 1625 1534 1659 Adamante
1574 1623 1685 1658 noluit

872 1671 1059 1725 Neptunus
1084 1671 1328 1716 Antilochum.)
1361 1669 1384 1716 ἢ
1410 1669 1615 1728 φθονήσας
1630 1667 1685 1703 'A-

870 1715 1031 1773 δάμαντι
1066 1719 1137 1753 τοῦ
1170 1719 1258 1764 βίου
1292 1732 1324 1753 κ.
1364 1716 1527 1764 ποιήσας
1565 1715 1684 1753 αὐτὸν

868 1761 1131 1809 άναιρεθῆναι.

915 1822 995 1856 564.
1030 1819 1194 1858 αὐτοῦ.
1229 1835 1298 1858 του
1323 1823 1485 1866 χαλκου,
1516 1822 1589 1857 τοῦ
1613 1818 1684 1856 δό-

870 1866 1470 1924 ρατος.ωστε11.ε.ΐα1η]ὶνηιο
1490 1874 1542 1903 ut.
1559 1868 1682 1902 Heinr.

871 1916 1070 1956 σκωλος.
1119 1914 1281 1959 σκόλοψ·
1332 1912 1448 1950 ω’στε
1493 1915 1682 1950 σκῶλον

869 1963 1199 2003 πυρίκαυστον
1244 1962 1456 2005 (σκῶλος
1495 1975 1578 1996 π--
1590 1961 1679 2005 ος).

870 2005 890 2043 ὁ
926 2007 966 2043 δὲ
999 2004 1146 2050 Ἀπίων,
1181 2007 1321 2053 ῥάβδος
1352 2007 1679 2052 πεπυρακτωμένη.

869 2066 945 2089 εστι
970 2052 1010 2089 δὲ
1033 2055 1092 2090 καὶ
1118 2053 1221 2095 πόλις
1245 2054 1284 2090 ἐν
1310 2058 1494 2101 Βοιωτία·
1532 2057 1679 2098 Σχοῖ-

867 2099 953 2136 νόν
978 2114 1045 2143 τε,
1072 2100 1268 2137 Σκωλόν
1291 2114 1346 2137 τε.
1383 2102 1442 2159 (β’,
1467 2102 1567 2146 497)
1594 2099 1614 2136 ὃ
1636 2102 1679 2136 δὲ

864 2145 1112 2192 Ἀρίσταρχος,
1138 2146 1312 2192 άκάνθης
1333 2162 1367 2183 τι
1389 2148 1505 2194 γένος.
1537 2146 1679 2188 ταύτας

867 2193 907 2229 δ’
930 2193 1091 2230 εἰώθασι
1114 2198 1326 2240 πυρπολεῖν.
1339 2198 1403 2241 Ap.
1444 2195 1678 2230 Aristarchum

866 2248 1006 2274 secutus
1029 2242 1129 2275 Sch.·
1176 2243 1377 2283 σκῶλος,
1400 2242 1535 2299 inquit,
1563 2239 1677 2275 άκάν-

866 2289 941 2330 θης
974 2286 1092 2330 εἶδος,
1135 2286 1158 2332 ἡ
1191 2291 1412 2333 πυρωθεῖσα
1448 2287 1678 2331 εὐτονωτέρα

864 2334 1017 2378 γίνεται.
1065 2334 1125 2368 sed
1151 2336 1321 2388 quodnam
1354 2346 1462 2378 genus
1495 2334 1578 2368 illud
1602 2334 1677 2379 spi-

865 2392 928 2413 nae
951 2380 1019 2423 sit,
1046 2392 1143 2415 nemo
1171 2381 1282 2423 dixit,
1307 2393 1370 2415 nec
1395 2380 1554 2414 dubitant
1569 2381 1675 2416 Schn.

864 2431 900 2459 et
923 2426 991 2460 viri
1015 2426 1128 2468 docti,
1162 2429 1303 2463 σκῶλον
1326 2428 1581 2471 πυρίκαυστον
1606 2427 1676 2460 dici

863 2471 1014 2516 stipitem
1035 2473 1115 2516 igne
1130 2481 1325 2517 praeustum
1350 2486 1391 2509 ac
1411 2473 1582 2515 duratum,
1607 2485 1676 2518 qua

864 2523 964 2563 parte
990 2524 1106 2553 terrae
1130 2520 1299 2564 infigitur.

907 2578 989 2612 566.
1014 2575 1058 2622 γ’,
1084 2579 1151 2619 32,
1176 2575 1219 2619 λ’,
1243 2577 1332 2620 584,
1356 2576 1448 2612 infra
1473 2578 1542 2612 596
1560 2580 1628 2611 etc.

906 2645 1030 2680 567-
1039 2647 1120 2682 569.
1143 2658 1332 2691 μετασπ.
1359 2644 1569 2689 ἑπιδιωξας,
1582 2643 1673 2680 ἔπα-

860 2691 1109 2746 κολουθήσας.
1143 2659 1303 2728 μὲνθα
1329 2713 1375 2717 -
1405 2691 1594 2749 αλεγειν
1610 2705 1669 2732 ος

860 2734 957 2773 ὅπου
984 2738 1148 2783 ἀλεγεινή
1167 2741 1227 2775 και
1246 2739 1348 2784 δεινή
1372 2741 1511 2783 γίνεται
1534 2737 1556 2784 ἡ
1576 2752 1670 2796 τρω-

861 2794 927 2824 σις.
953 2785 1085 2827 (Schol.
1105 2787 1156 2820 A:
1194 2784 1325 2832 άρης.
1355 2784 1374 2822 ὁ
1399 2785 1580 2830 πόλεμος,
1611 2783 1667 2820 δι’

863 2826 909 2865 ὃν
944 2829 967 2875 ἡ
1003 2833 1145 2876 τρῶσις
1195 2833 1247 2867 E:
1283 2833 1448 2869 τουτέστι
1482 2831 1601 2877 πληγὴ
1635 2846 1668 2867 κ.

860 2879 1019 2922 τραῦμα.
1055 2879 1101 2912 cf.
1125 2877 1204 2914 444.
1231 2900 1277 2906 —
1302 2878 1573 2925 ὀϊζυροῖσι,
1603 2879 1669 2912 11ιί-

859 2925 956 2958 seris.
980 2926 1063 2969 Ap.:
1090 2922 1249 2972 ὀὶζυρός.
1272 2925 1461 2966 ἐπίπονος.
1477 2923 1666 2969 καὶόὶζυς,

858 2966 882 3014 ἡ
914 2969 1162 3006 κακοπάθεια.
1218 2973 1346 3017 „Virg.
1376 2974 1461 3007 Aen.
1490 2975 1531 3014 2,
1563 2973 1663 3008 2683

856 3018 1060 3053 mortalibus
1079 3019 1210 3066 aegris.
1216 3022 1240 3039 “
1270 3018 1324 3053 Cl.
