1847 3277
96 142 180 181 110

706 135 1109 179 ΟΜΗΡΟΥ

269 244 468 311 τέρπετο,
498 244 604 298 πρὶν
637 243 831 313 πολέμου
860 241 997 297 στόμα
1027 242 1213 307 δύμεναι
1239 241 1540 296 αἱματόεντος,

269 301 542 358 μνησάμενος
572 300 615 343 δ’
645 300 805 350 ἁδινῶς
835 298 1110 349 ἀνενείκατο,
1142 297 1346 355 φώνησέν
1377 313 1446 342 τε·

478 390 641 425 flebiliter
662 389 812 425 Achilles
836 388 1032 422 Patroclum
1056 388 1252 432 alloquitur.

153 470 240 514 315

271 464 358 521 ,ῘΗ
383 468 437 524 ῥά
467 468 523 512 νύ
551 469 626 523 μοί
654 482 758 510 ποτε
788 467 861 509 καὶ
892 466 968 519 σὺ,
1001 465 1276 522 δυσάμμορε,
1305 467 1487 521 φίλταθ’
1515 469 1712 526 ἑταίρων,

273 523 405 576 αὐτὸς
434 526 498 568 ἐνὶ
528 525 672 593 κλισίῃ
702 522 840 577 λαρον
869 523 988 577 παρὰ
1019 525 1198 566 δεῖπνον
1215 523 1392 595 ,ἔθηκας

273 580 382 632 αἶψα
411 582 484 625 καὶ
515 580 753 633 ὀτραλέως,
786 579 917 622 ὁπότε
947 577 1189 633 σπερχοίατ’
1215 577 1374 634 ’Λχαιοὶ

277 639 451 691 Τρωσὶν
479 636 542 705 ἐφ’
578 635 866 690 ῖπποόάμοισι
897 635 1047 690 φέρειν
1076 635 1363 689 πολύδακρυν
1392 652 1526 692 αρηα·

272 699 357 737 νῦν
388 695 433 737 δε
462 694 517 736 σύ
546 694 626 762 μὲν
655 697 796 735 κεῖσαι
827 693 1128 746 δεδαϊγμένος,
1161 692 1301 745 αὐτάρ
1333 692 1427 747 ἐμοὶ
1456 697 1539 749 κῆρ

155 758 239 798 320

272 750 470 805 άκμηνον
498 750 652 799 πόσιος
680 750 753 792 καὶ
768 749 980 817 ἐδητύος,
1012 748 1141 790 ε’νδον
1169 748 1356 799 ἐόντων,

273 820 328 863 ση
357 810 492 862 ποθῆ.
536 806 590 849 οὐ
616 806 695 860 μὲν
723 804 807 859 γάρ
837 822 879 848 τι
907 803 1159 858 κακώτερον
1189 804 1296 847 άλλο
1327 803 1546 860 πάθοιμι,

273 862 371 906 οὐδ’
404 864 444 905 εἴ
471 879 546 905 κεν
576 867 655 905 τοῦ
686 861 852 915 πατρὸς
881 859 1206 928 ἀποφθιμένοιο
1236 864 1487 917 πυθοίμην,

274 920 322 970 ὅς
350 934 438 962 που
466 923 552 962 νῦν
582 920 761 989 Φθίηφι
790 918 911 970 τέρεν
942 918 1052 960 κατά
1083 916 1278 970 δάκρυον
1307 919 1412 986 εἴβει

275 975 392 1032 χήτει
417 974 592 1019 τοιοῦδ’
622 980 738 1025 υἱος,
771 973 823 1030 (6
854 973 894 1017 6'
930 972 1160 1030 ἀλλοδαπῷ
1192 975 1256 1016 ἐνὶ
1287 973 1410 1031 δήμῳ

162 1036 244 1078 325
278 1035 421 1076 εἵνεκα
453 1033 681 1102 ῥιγεδανης
707 1031 881 1086 Ἑλένης
914 1031 1057 1084 Τρωσὶ
1084 1032 1366 1086 πτολεμίζω),

277 1088 325 1144 ἠὲ
355 1089 451 1139 τὸν,
484 1088 532 1139 ὂς
560 1089 725 1143 Σκύρῳ
756 1104 832 1143 μοι
862 1087 926 1130 ε’νι
943 1086 1156 1154 τρέφεται
1186 1089 1316 1141 φίλος
1345 1085 1463 1137 υῖὸς,

278 1147 318 1188 εί
343 1160 432 1188 που
458 1145 519 1189 ἔτι
549 1146 646 1198 ζώει
674 1160 744 1201 γε,
779 1142 1082 1199 Νεοπτόλεμος
1110 1144 1324 1200 θεοειδής.

108 1272 197 1304 tinet
223 1281 305 1304 usus
325 1270 421 1304 verbi
446 1268 701 1305 ἀνενείκεσθαι
726 1279 780 1312 ap.
801 1267 918 1300 Theo-

108 1317 243 1357 critum,
271 1316 482 1360 Apollonium
507 1316 619 1351 Rhod.
644 1313 678 1348 et
698 1313 919 1352 recentiores,

110 1362 170 1407 qui
194 1363 280 1395 haec
306 1368 341 1395 et
368 1362 491 1395 similia
515 1362 675 1395 dixerunt
709 1358 919 1394 ἀνεκείκατο

109 1408 262 1452 φωνὴν,
288 1406 345 1441 οἷν.
370 1408 509 1451 μῦθον.
543 1419 575 1440 v.
603 1408 732 1440 Buttm.
755 1406 777 1439 1.
800 1417 830 1438 0.
862 1416 920 1437 ce-

109 1461 219 1488 terum
246 1453 385 1495 ἁδινῶς
407 1455 518 1487 malim
538 1453 662 1486 referri
678 1453 720 1486 ad
745 1447 921 1495 μνησά-

108 1513 272 1545 μενος,
297 1501 486 1533 identidem
511 1500 713 1532 recordatus
738 1499 781 1531 de
802 1496 920 1530 amico.

155 1549 275 1583 315-
287 1548 366 1581 326.
393 1541 416 1590 ἧ
440 1545 498 1590 ῥά
522 1545 574 1580 vv'
599 1546 684 1589 μοι’
708 1555 820 1579 ποτε
844 1542 919 1576 καὶ

111 1605 164 1629 συ
187 1598 254 1628 etc.
280 1593 435 1637 pertinet
453 1591 515 1627 καὶ
538 1592 582 1625 ad
601 1592 708 1624 verba
726 1588 829 1633 παρὰ
848 1590 923 1623 δεῖ-

110 1652 207 1675 πνον
242 1637 394 1683 εᾝθηκας
441 1650 569 1673 coenae
598 1643 751 1681 tempore
777 1635 923 1670 Achilles

111 1685 303 1720 admonitus
335 1685 504 1726 meminit,
542 1695 616 1717 cum
647 1684 715 1717 alia
747 1681 813 1715 sibi
844 1681 923 1713 olim

111 1731 230 1766 officia
263 1731 439 1775 praestitis
425 1743 479 1764 sse
503 1729 715 1769 Patroclum,
747 1733 817 1762 tum
843 1739 924 1760 coe-

111 1789 189 1811 nam
223 1777 333 1821 ipsum
359 1777 490 1810 solitum
516 1787 700 1820 apponere.
730 1793 777 1800 —
818 1773 924 1806 Sch.=

113 1823 407 1877 δυσάμμορε.
433 1822 501 1867 (χ,
525 1823 612 1865 428,
639 1820 720 1863 485,
745 1817 798 1859 ω’,
823 1817 922 1861 727.)

112 1866 321 1915 κακόμοιρε.
369 1867 587 1913 (ἄμμορον,
630 1869 662 1903 h.
697 1879 728 1901 e.
768 1864 925 1919 ἄμορον,

114 1916 202 1950 dixit
225 1915 273 1958 ζ’,
296 1917 376 1951 408.
402 1921 438 1949 et
460 1915 632 1960 saepius.)
678 1911 835 1955 λαρόν.
862 1908 926 1955 (ρ’,

114 1963 214 2017 572.)
251 1960 336 2006 ἡδύ.
391 1960 509 2004 αἶψα
548 1962 627 1995 καὶ
668 1957 926 2000 ὀτραλέως.

116 2005 188 2065 (γ’,
212 2009 313 2051 260.)
345 2005 499 2053 ἐνεργῶς
532 2008 594 2041 καὶ
620 2002 925 2044 σπουδαίως.τὸ

117 2053 210 2090 αὐτὸ
246 2058 346 2090 εἰπεν
387 2054 588 2093 ἐπιτάσεως
627 2050 749 2106 χάριν.
797 2062 928 2093 σπερ-

117 2102 299 2146 χοίατο.
320 2099 380 2144 (λ’,
396 2104 462 2136 110
475 2101 560 2143 etc.)
583 2097 854 2141 ταρασσόμενοι
870 2096 927 2139 (2)

119 2148 335 2191 ἐπείγοιντο.
367 2148 470 2192 (Apa
505 2145 763 2190 σπερχόμενος.
787 2141 927 2186 ἐπειγό-

118 2207 239 2238 μενος.
258 2213 304 2218 —
303 2194 499 2248 φέρειν
521 2194 641 2238 [ferre,
662 2191 804 2234 inferre]
831 2191 926 2223 πολ.

120 2240 256 2296 ᾄρηα.
314 2241 428 2281 ,132.
452 2237 505 2280 θ’,
530 2241 610 2274 516.
631 2234 928 2291 -ἐμοὶκήρ,

118 2289 170 2321 sic
186 2286 339 2326 Townl,
358 2286 448 2330 quod
468 2284 660 2330 elegantius
677 2283 821 2339 vulgato
839 2280 929 2326 ἐμὸν

116 2334 198 2379 κῆρ.
234 2332 448 2378 periphrasis
488 2342 665 2376 personae.
694 2349 740 2354 —
783 2326 930 2373 ἄκμη-

117 2393 215 2416 νον.
243 2379 353 2434 163.)
402 2379 454 2423 σῇ
482 2379 627 2422 ποθῇ.
661 2372 736 2418 (α’,
758 2376 930 2418 240010.)

117 2430 171 2472 τῷ
205 2426 258 2472 σῷ
292 2421 423 2470 πόθῳ,
459 2424 504 2468 τῇ
539 2424 582 2469 σῇ
616 2421 769 2466 ζητήσει.
818 2421 933 2465 (τοῦ

117 2459 321 2515 πατρὸς,
352 2458 466 2524 pqtris
487 2471 554 2503 mei
578 2469 773 2502 clarissimi.
815 2467 931 2501 Schol.

120 2520 170 2554 B:
202 2515 226 2563 ἡ
251 2514 448 2561 προσθήκη
481 2516 552 2550 τοῦ
582 2513 730 2569 ἄρθρου
762 2512 830 2559 τήν
854 2513 933 2556 ἐξο-

121 2565 192 2610 χὴν
209 2564 420 2617 παρίστησι.
453 2573 485 2595 v.
508 2573 584 2595 ann.
607 2562 650 2595 ad
671 2559 704 2595 α’
717 2586 727 2601 ,
754 2562 829 2603 11.)
871 2559 933 2594 τέ-

122 2624 211 2655 ρεν.
246 2607 316 2654 (γ’,
343 2608 422 2649 142,
446 2606 495 2648 π’,
519 2609 593 2651 11.)
626 2605 783 2647 ἁπαλὸν,
807 2603 934 2651 ὑγρόν.

124 2658 277 2714 (εἴ.βει
299 2652 349 2696 π’,
369 2655 439 2699 11.)
487 2653 625 2697 χήτει.
655 2652 715 2696 (ζ’,
732 2654 830 2696 463)
857 2664 934 2688 στε-

125 2703 247 2748 ρήσει,
283 2701 422 2745 ἐνδείᾳ,
464 2699 609 2735 σπάνει.
664 2700 935 2745 ῥιγεδανῆς.

126 2752 235 2795 (vox,
267 2748 378 2794 qualis
412 2743 613 2786 οὐτιδανὸς
635 2753 702 2780 etc.
746 2757 779 2781 v.
812 2746 935 2789 Schn.)

129 2797 296 2840 φρικτῆς,
315 2795 481 2838 χαλεπῆς.
513 2796 610 2838 (Apa
633 2794 698 2837 τῆς
718 2791 936 2836 φρικώδεος.

129 2844 304 2886 Hesych.:
324 2839 549 2886 φρικώδους,
568 2840 736 2882 χαλεπῆς,
754 2839 938 2881 κακίστης,

132 2889 307 2934 φοβερᾶς.
341 2887 433 2921 Plut.
453 2887 608 2930 Sympos.
632 2886 787 2926 Quaest„
815 2895 939 2918 memo-

133 2940 231 2969 rante
256 2935 309 2977 Ε,
344 2931 540 2977 ῥιγεδανόν
562 2932 808 2987 interpretatur
833 2941 938 2973 κρυε-

135 2981 214 3026 ρὸν,
230 2978 418 3024 λυπηρόν,
439 2975 612 3024 φοβερόν.
650 2976 763 3013 Schol
789 2977 835 3010 Β·
856 2988 940 3011 στυ-

963 1267 1097 1312 γητῆς,
1130 1266 1288 1322 quoniam
1320 1280 1367 1300 τα
1392 1266 1545 1311 στυγερα
1569 1271 1604 1302 et
1627 1267 1773 1313 λυπηρα
1820 1284 1823 1290 =

966 1321 1003 1347 et
1037 1312 1174 1358 μισητοὶ
1206 1313 1401 1353 horrorem,
1438 1312 1559 1357 ῥῖγος,
1592 1315 1772 1348 incutiunt.

967 1361 1019 1393 Ex
1043 1361 1089 1393 H.
1103 1384 1112 1402 ,
1137 1359 1196 1404 qui
1217 1360 1303 1391 bene
1330 1360 1469 1403 scripsit
1499 1363 1584 1402 Τρω
1597 1361 1639 1395 σι
1664 1374 1772 1396 πτο-

966 1407 1141 1448 λεμίζω
1167 1406 1349 1438 secundum
1371 1406 1449 1440 vat.
1475 1407 1596 1450 vulgo·
1628 1408 1771 1448 Τρωσὶν

965 1455 1046 1487 πολ.
1065 1471 1111 1476 —
1144 1449 1193 1494 ηὲ
1218 1451 1312 1484 τόν.
1348 1458 1511 1495 expectes
1530 1454 1620 1495 τοῦ,
1646 1459 1686 1487 ut
1704 1455 1774 1488 τοῦ

966 1496 1107 1541 πατρὸς
1118 1499 1196 1532 322
1191 1522 1212 1539 ,
1229 1497 1289 1530 sed
1308 1503 1491 1550 utrumque
1504 1500 1620 1532 horum
1639 1511 1776 1533 casuum

968 1545 1060 1587 regit
1098 1545 1236 1577 verbum
1283 1544 1570 1587 πυνθάνεσθαι,
1613 1545 1778 1590 licuitque
1827 1569 1832 1590 3

969 1594 1093 1635 poeitae
1117 1590 1254 1623 variare
1278 1591 1486 1632 orationem,
1520 1603 1592 1624 cum
1617 1602 1778 1635 praeser-
1828 1601 1832 1637 ξ

969 1636 1029 1670 tim
1055 1636 1214 1669 vitandus
1239 1640 1332 1669 esset
1362 1642 1482 1669 vastus
1506 1648 1690 1671 concursus
1715 1649 1778 1671 vo-
1830 1659 1833 1666 ·

970 1682 1166 1716 cabulorum
1186 1683 1253 1716 τοῦ
1275 1680 1327 1721 ὅς.
1359 1682 1502 1716 ridicule
1519 1683 1570 1716 E:
1594 1681 1779 1727 Ἁχιλλεῦς,
1830 1684 1833 1702 “’

971 1726 1021 1768 ὡς
1046 1727 1127 1763 οἷον
1150 1727 1398 1771 ἐκλαθόμενος
1429 1726 1504 1764 υπό
1527 1728 1692 1770 πένθους
1713 1732 1780 1773 τῆς

971 1775 1108 1817 ἐθιμου
1127 1773 1344 1816 συντάξεως,
1370 1774 1442 1820 ε’φη
1467 1774 1509 1811 τὸ
1533 1774 1583 1819 ἠε
1606 1775 1698 1810 τόν.
1723 1777 1777 1809 H:

970 1822 1056 1902 ‚ibic
1075 1822 1168 1854 locus
1191 1827 1227 1854 et
1247 1833 1324 1854 mox
1345 1822 1423 1856 331.
1441 1832 1537 1866 sequ.
1556 1833 1630 1855 cum
1650 1823 1729 1866 Ody
1733 1833 1780 1858 ss,

1008 1894 1019 1910 ,
1043 1868 1255 1903 506-536.
1291 1868 1480 1911 praebuere
1511 1868 1653 1901 fundum
1679 1869 1781 1901 fabu-

970 1915 1078 1949 larum
1104 1914 1148 1947 de
1172 1913 1418 1957 Neoptolemo,
1443 1924 1544 1957 quem
1568 1914 1696 1947 salvum
1718 1914 1781 1947 do-

972 1973 1059 1995 mum
1093 1959 1239 1993 redi1sse
1272 1963 1390 1992 narrat
1422 1961 1552 1993 Nestor
1583 1961 1712 2004 Odyss.
1737 1959 1782 2004 γ’,

974 2008 1171 2049 188,189.
1208 2007 1348 2039 eundem
1383 2005 1533 2039 Menelai
1564 2005 1667 2039 filiam
1701 2017 1781 2061 pro-

972 2054 1107 2088 missam
1140 2052 1279 2085 duxisse
1315 2051 1476 2084 discimus
1507 2063 1550 2085 ex
1583 2053 1712 2092 Odyss.
1748 2050 1781 2087 δ’

973 2098 1153 2152 principio.
1185 2098 1320 2141 reliqua
1341 2097 1439 2140 hujus
1458 2097 1594 2131 fabulae
1614 2100 1657 2132 ad
1680 2099 1784 2132 Post-

973 2147 1145 2181 homerica
1169 2150 1205 2177 et
1231 2143 1404 2182 Νοστους
1420 2149 1650 2197 spectarunt,
1684 2144 1783 2178 varie

971 2194 1032 2227 illa
1056 2196 1176 2224 ornata
1200 2189 1293 2234 apud
1319 2188 1524 2234 Tragicos“
1543 2194 1609 2223 etc.
1643 2190 1688 2224 cf.
1707 2201 1783 2226 ann.

975 2239 1019 2274 ad
1045 2236 1087 2278 ι’,
1112 2237 1191 2271 668.

1021 2285 1102 2319 327.
1133 2292 1254 2315 versus
1278 2281 1376 2315 obelo
1407 2284 1545 2314 notatus
1577 2281 1620 2315 ab
1652 2281 1785 2316 Aristo-

974 2331 1099 2376 phane,
1119 2327 1216 2372 quasi
1236 2326 1459 2360 dubitandum
1473 2338 1539 2360 non
1555 2327 1658 2361 fuerit
1670 2328 1787 2361 Achil-

977 2377 1023 2417 li,
1048 2387 1092 2409 an
1116 2381 1290 2418 superstes
1320 2373 1368 2406 sit
1390 2372 1481 2405 filius
1506 2373 1725 2415 adolescens,
1749 2378 1785 2407 et

980 2422 1037 2467 qui
1068 2422 1103 2454 in
1128 2421 1237 2464 Scyro
1274 2418 1385 2452 insula
1419 2417 1484 2462 (ι’,
1509 2421 1608 2464 668.)
1639 2419 1786 2462 viveret,

978 2469 1064 2511 Troj
1070 2479 1110 2500 ae
1131 2465 1254 2506 vicina,
1279 2470 1317 2498 ut
1339 2464 1477 2499 videtur
1496 2466 1583 2499 bono
1602 2465 1689 2507 vim,
1713 2477 1787 2499 cum

980 2515 1067 2548 satis
1084 2514 1186 2556 longe
1204 2512 1297 2545 illinc
1316 2510 1407 2544 absit
1419 2511 1543 2555 Cyclas
1559 2511 1636 2545 ista.
1666 2512 1785 2545 eodem

977 2561 1093 2605 judice
1124 2559 1216 2591 filius
1246 2568 1311 2591 non
1342 2556 1410 2589 suit
1432 2557 1658 2602 appellandus
1681 2568 1701 2590 a
1725 2568 1788 2602 pa-

980 2613 1033 2641 tre
1056 2602 1250 2648 θεοειδὴς,
1274 2602 1364 2647 quod
1388 2603 1549 2647 frequens
1573 2608 1626 2637 est
1650 2603 1787 2636 heroum

981 2652 1172 2697 epitheton,
1186 2649 1367 2695 aptiusque
1381 2648 1481 2682 etiam
1494 2659 1593 2693 quam
1607 2647 1683 2682 aliis
1692 2649 1789 2690 Neo-

982 2698 1142 2743 ptolemo‚
1164 2697 1207 2730 de
1227 2707 1292 2740 quo
1314 2695 1456 2738 Ulysses
1476 2694 1610 2751 Odyss.
1622 2692 1664 2736 λ’,
1687 2695 1786 2729 522:

981 2748 1105 2780 κεῖνον
1129 2742 1174 2788 δή
1200 2744 1392 2777 κάλλιστον
1417 2741 1500 2775 ἴδον
1521 2752 1613 2783 μετα
1637 2739 1789 2784 Μέμνο-

982 2804 1030 2826 να
1053 2792 1156 2831 δῖον,
1181 2786 1462 2842 quemadmodum
1486 2787 1635 2820 Achilles
1658 2798 1789 2842 aequa-

983 2837 1062 2872 lium
1086 2833 1341 2870 venustissimus
1366 2832 1470 2866 fuisse
1493 2833 1620 2867 dicitur
1645 2830 1690 2877 β’,
1708 2833 1790 2874 673,

984 2886 1063 2919 674.
1095 2883 1199 2925 majus
1224 2879 1356 2933 pondus
1392 2879 1517 2919 habet,
1554 2878 1646 2923 quod
1680 2878 1790 2919 addit,

984 2930 1084 2964 aliam
1115 2937 1235 2962 versus
1269 2925 1475 2970 scripturam
1510 2924 1724 2959 circumferri
1757 2924 1793 2957 in

985 2975 1106 3016 libris,
1132 2975 1238 3008 hanc:
1264 2973 1302 3007 εἰ
1318 2984 1392 3006 που
1418 2971 1471 3007 ἔτι
1495 2970 1578 3014 ζωει
1599 2983 1639 3016 γε
1661 2971 1793 3015 Πυρῆς

1774 186 1780 202 .,
1764 0 1779 172 .-.ι-*ῥοὴ
