1847 3277
102 135 182 177 160

732 133 1138 177 ΟΜΗΡΟΥ

269 241 378 293 τύψε
409 241 518 286 κατὰ
549 246 704 299 κληῖδα
735 241 845 297 παρ’
877 242 1062 297 αὐχένα·
1094 246 1183 286 πᾶν
1213 242 1257 286 δέ
1288 243 1330 286 οἱ
1360 242 1459 285 εἴσω

270 301 326 342 δῦ
357 300 482 354 ξίφος
512 298 719 356 ἄμφηκες.
767 298 790 343 ὁ
826 299 872 342 6’
901 298 987 350 α’ρα
1014 315 1186 369 πρηνής
1216 298 1283 342 ἐπὶ
1312 300 1415 354 γαίῃ

270 360 384 398 κεῖτο
415 358 585 407 ταθείς·
622 358 667 400 ἐκ
699 354 742 399 6’
774 353 881 407 αἷμα
911 354 1046 411 μέλαν
1077 355 1166 409 ῥέε,
1203 357 1298 399 δεῦε
1331 357 1374 416 δε
1404 361 1549 411 γαῖαν.

160 418 239 458 120
268 411 346 454 τὸν
376 412 417 455 δ’
444 411 630 481 Ἀχιλεὺς
659 396 930 484 ποταμόνδε,
960 410 1110 482 λαβών
1139 414 1299 465 ποδός,
1329 410 1407 470 ἧκε
1437 414 1676 470 φέρεσθαι,

221 500 224 501 ⁷
267 470 341 511 καί
370 470 415 511 οἱ
443 468 729 524 ἐπευχόμενος
758 469 860 511 ἔπεα
889 465 1110 521 πτερόεντ’
1143 467 1376 524 ἀγόρευεν·

349 557 373 576 ‚,
385 524 620 568 Ἐνταυθοῖ
646 529 732 568 νῦν
761 530 878 567 κεῖσο
909 523 1003 579 μετ’
1037 526 1315 579 ἰχθύσιν,οἳ
1344 526 1385 570 σ’
1419 525 1600 582 ὠτειλὴν

271 578 362 635 αἷμ’
395 580 765 652 ἀπολιχμήσονται
795 580 992 637 ἀκηδέες·
1027 581 1130 625 οὐδέ
1161 594 1207 625 σε
1236 583 1376 640 μήτηρ

270 638 479 693 ἐνθεμένη
509 637 694 692 λεχέεσσι
722 638 947 708 γοήσεται
979 637 1089 681 αλλὰ
1122 637 1416 696 Σκάμανδρος

165 697 240 739 125
273 697 383 737 οἴσει
414 694 576 750 δινήεις
606 696 706 737 εἴσω
738 692 845 745 αλός
875 692 1005 746 εὐρέα
1034 694 1209 738 κόλπον

269 751 489 803 θρώσκων
523 767 586 801 τις
615 749 726 793 κατοὶ
755 754 874 804 κῦμα
905 751 1114 821 μέλαιναν
1143 751 1264 822 φρῖχ’
1295 751 1507 805 υπαλύξει

270 808 415 861 ἰχθὺς,
448 807 495 857 ὅς
523 823 570 851 κε
588 806 786 879 φάγῃσι
797 807 1028 858 Λυκάονος
1058 806 1216 863 ἀργέτα
1249 809 1400 865 δημόν.

272 862 529 917 φθείρεσθ’,

563 865 729 906 εἰσόκεν
761 862 869 907 ἄστυ
900 866 1116 935 κιχείομεν
1142 864 1271 909 Ἰλίου
1303 868 1423 921 ἱρῆς,

272 918 395 975 ὑμεῖς
426 937 504 977 μεν
535 920 795 976 φεύγοντες,
827 920 909 976 eye&
942 919 984 964 δ’
1014 919 1172 965 ὄπιθεν
1200 925 1427 977 nepoti-§mv

104 1044 222 1088 417.),
251 1046 408 1078 manibus
430 1046 553 1089 passis.
574 1065 620 1071 -—
652 1038 840 1105 κληῗδα.
877 1045 916 1089 ε’,

107 1092 193 1132 146,
224 1089 284 1132 θ’,
308 1093 377 1126 325
399 1099 465 1126 etc.
499 1111 540 1116 ——
591 1093 732 1138 ξίφος
766 1092 917 1138 ἄμφη-

105 1149 190 1178 κες.
216 1135 275 1182 φ’,
301 1140 367 1172 118
388 1143 454 1171 etc.

154 1185 232 1219 119.
259 1181 311 1225 ν’,
337 1185 415 1218 655.
454 1184 556 1217 sch..
586 1184 708 1219 δενε.
733 1183 813 1228 (ψ’,
836 1187 917 1226 920,

107 1229 234 1274 Odyss.
262 1229 296 1272 ι’,
318 1231 415 1272 290.)
443 1228 573 1274 ἕβρεχε.
595 1250 640 1256 -—
672 1231 755 1264 nihil
780 1210 917 1265 f6edius

106 1276 170 1309 hac
193 1275 324 1309 caede
315 1275 453 1309 inermis
470 1276 727 1318 adolescentuli,
749 1289 811 1310 nec
831 1287 919 1321 opus

104 1321 164 1355 ina
189 1327 265 1355 erat
286 1323 327 1355 au
353 1322 612 1366 persolvendum
633 1323 726 1366 justa
744 1323 916 1355 Patroclo.

105 1367 165 1401 sed
188 1369 428 1407 inexorabilis,
454 1372 491 1400 ut
514 1368 564 1401 ait
580 1368 717 1409 Horat,
740 1380 804 1402 nec
828 1380 919 1402 com-

106 1424 168 1459 pos
193 1413 247 1447 sui
271 1425 354 1458 prae
378 1413 431 1446 ira
456 1419 509 1446 est
534 1413 683 1447 Achilles

153 1461 220 1494 120
233 1480 273 1483 —
287 1461 364 1494 127.
389 1459 492 1502 longe
511 1459 631 1500 lenius,
653 1464 692 1493 ut
713 1471 775 1504 per
795 1459 918 1500 omnia,

108 1505 226 1549 Virg.‚
252 1517 319 1550 quo
345 1505 419 1538 loco
444 1506 529 1538 haec
552 1505 705 1539 imitatus
730 1513 800 1549 est,
834 1510 917 1540 Aen.

108 1554 164 1592 10,
185 1553 287 1586 556:
318 1551 505 1594 Tarquitus
528 1553 685 1585 exultans
709 1557 827 1585 contra
851 1553 918 1585 sul-

106 1599 271 1642 gentibus
297 1598 409 1631 armis.
436 1616 482 1620 —
526 1598 652 1631 Obvius
685 1599 824 1632 ardenti
846 1609 920 1631 sese

107 1645 243 1678 obtulit.
292 1645 350 1677 ille
382 1644 525 1676 reducta
563 1645 721 1677 Loricam
756 1645 921 1688 clipeique

107 1691 232 1735 ingens
264 1701 347 1723 onus
378 1690 522 1733 impedit
545 1690 670 1730 hasta3
708 1691 793 1724 Tum
817 1695 923 1735 caput

107 1736 240 1770 orantis
282 1736 515 1781 nequidquam
550 1741 584 1770 et
624 1737 734 1770 multa
763 1738 924 1781 parantis

109 1784 232 1816 Dicere
263 1782 425 1816 deturbat
458 1788 592 1823 terrae,
623 1787 848 1828 truncumque
871 1788 924 1818 te—

106 1834 246 1874 pentem
281 1828 484 1862 Provolvcns
524 1839 626 1872 super
658 1829 745 1863 haee
786 1830 923 1863 inimico

107 1880 246 1920 pectore
270 1878 397 1918 satur:
433 1875 552 1917 „Istic
584 1886 694 1916 nunc,
729 1875 923 1916 metuende,

102 1921 207 1966 jace!
229 1933 298 1954 non
324 1927 357 1955 te
381 1921 511 1964 optima
533 1927 647 1954 mater
664 1921 792 1955 condet
816 1922 924 1963 humi,

109 1968 268 2013 patriove
287 1967 456 2008 onerabit,
480 1967 633 2001 membra
649 1969 822 2011 sepulcro.-
849 1968 925 2001 Ati-

111 2015 204 2049 tibus
227 2014 381 2058 linquere
397 2013 502 2057 feris,
526 2019 588 2047 aut
608 2015 753 2058 gurgite
776 2024 923 2048 mersum

117 2061 220 2094 Unda
248 2061 361 2103 feret,
401 2060 576 2104 piscesque
607 2061 750 2104 impasti
778 2062 925 2095 vulnera

114 2107 276 2140 lambent
288 2107 311 2125 ‘
333 2125 379 2130 -—-
403 2103 647 2141 ἐνταυθοῖ
668 2107 756 2141 νῦν
779 2109 924 2142 κεῖσο.

112 2152 269 2187 similiter
300 2151 423 2210 Odyss
472 2149 524 2193 6,
558 2150 636 2187 104.
666 2156 702 2187 et
732 2152 766 2187 ν’
779 2179 790 2197 ,
823 2154 926 2188 262:

113 2198 298 2235 ἐνταυθοῖ
317 2200 386 2233 νῦν
401 2194 482 2241 ἧσο,
502 2177 582 2232 i’tem
604 2199 765 2233 Comicus
785 2199 926 2234 Thesm.

112 2245 217 2280 224·
247 2243 432 2280 ἐνταυθοῖ
452 2245 572 2299 μεναῖ,
597 2245 657 2279 ubi
683 2250 845 2291 expectes
869 2246 926 2281 ἐν-

112 2293 262 2326 ταῦθαε
289 2296 324 2325 et
348 2297 469 2325 contra
493 2287 529 2333 ι’,
550 2292 649 2326 600..
675 2292 769 2346 μηδὲ
785 2302 823 2328 σε
845 2293 928 2329 δαί-

112 2350 195 2382 μων
224 2335 415 2372 Ἐνταῦθα
439 2335 605 2381 τρέψειε,
639 2337 699 2371 ubi
734 2340 928 2384 ponendum

115 2390 219 2430 putes
243 2381 434 2418 ἐνταυθοῖ.
468 2395 586 2417 verum
612 2384 704 2418 haud
729 2385 830 2419 aliter
856 2387 928 2420 Eu-

114 2431 181 2488 rip.
201 2430 284 2464 Ione
305 2431 404 2465 880st
428 2428 570 2473 μαστόν
583 2428 770 2473 διώκοντ’,
794 2428 819 2477 ἢ
837 2432 930 2479 πρὸς

116 2474 293 2521 ἀγκάλαις
317 2478 462 2516 πεσεῖν·
501 2477 574 2510 ΚΡ.
596 2457 802 2520 Ἐνταῦθᾌ
837 2480 871 2513 h.
896 2492 928 2513 e·

118 2521 320 2564 ἐνταυθοῖ,
357 2521 450 2566 πρὸς
485 2520 670 2565 ἀγκαλαις.
714 2525 932 2579 quemadmo-

117 2570 198 2604 dum
232 2570 343 2613 δεῦρο
377 2579 439 2613 pro
464 2568 554 2614 τῇδε
587 2569 712 2603 dictum
744 2570 931 2614 invenitur,

118 2615 253 2660 aliaque
287 2615 322 2649 id
358 2625 466 2658 genus
491 2615 676 2659 permutari
700 2616 791 2651 inter
814 2629 851 2651 se
875 2630 932 2652 so-

118 2661 200 2695 lent.
238 2667 388 2695 ceterum
414 2660 600 2706 Dionysius
624 2661 767 2704 Thrax,
794 2664 933 2698 Timar-

120 2707 203 2741 chus
237 2711 273 2741 et
311 2707 386 2753 ipse
410 2706 613 2740 Aristoteles
646 2688 845 2743 scribebant
876 2709 934 2746 ἐν-

119 2754 274 2795 ταῦθοι,
297 2759 335 2787 ut
353 2752 473 2794 πέδοι,
491 2751 604 2795 ξ’,νδοι
624 2752 740 2796 μέσοι.
766 2756 933 2791 ν.8ο1ιοΙ.

123 2799 235 2833 Paris.
253 2811 308 2844 ap.
327 2799 509 2833 Ruhnken.
531 2799 638 2844 praef.
652 2801 818 2842 Hesychii
840 2816 873 2849 p.
890 2806 935 2845 8,

123 2845 313 2880 Blomfield.
347 2850 382 2879 et
405 2845 560 2903 interpp
589 2856 666 2879 ann.
698 2849 741 2882 ad
775 2850 934 2894 Aeschyh

123 2891 238 2928 Prom.
261 2893 341 2926 270.
364 2909 407 2916 —
452 2891 501 2926 σι’
520 2890 560 2926 6⁹
596 2890 769 2939 ωτειλὴ
783 2908 804 2929 ν
833 2863 933 2940 αἷμ’

125 2949 195 2972 απ.
238 2937 288 2972 sic
330 2937 500 2978 Venetus,
537 2939 603 2979 W,
638 2938 684 2974 H.
733 2910 848 2976 8ηοίιο1.
886 2945 936 2977 A:

129 2981 248 3024 ου’τως
284 2981 348 3018 διὰ
382 2985 451 3019 τοῦ
474 2997 521 3029 ην
545 2995 697 3022 απασαι.
747 2988 849 3034 vulgo
883 2994 940 3023 ta-

964 1060 1060 1082 men:
1086 1045 1236 1093 αἷτειλῆς
1254 1046 1358 1091 αἷμα,
1385 1046 1475 1091 quod
1491 1044 1599 1078 minus
1619 1044 1771 1098 elegans.

963 1093 1065 1136 ν.’,ζ
1092 1096 1158 1129 117
1189 1100 1254 1128 etc.
1283 1113 1326 1118 —
1373 1094 1476 1126 Schn
1512 1087 1774 1145 ἀπολιχμή-

964 1152 1143 1175 σονται.
1162 1137 1288 1175 ἁπολε.
1286 1141 1395 1182 gova:
1401 1152 1433 1172 ν.
1468 1137 1681 1180 ἀκηδέες.
1699 1134 1774 1180 (ψ,

963 1190 1030 1227 70,
1056 1186 1115 1228 ω’,
1139 1189 1208 1222 526
1237 1192 1300 1220 etc
1311 1188 1332 1229 )
1357 1183 1622 1240 οὶφρόντιστοι.
1670 1181 1774 1227 γοή-

965 1244 1108 1268 σεται.
1133 1232 1202 1275 (ξ,
1226 1234 1315 1274 502,
1340 1229 1388 1275 χ’,
1411 1231 1510 1273 353.)
1534 1228 1775 1273 θρηνήσεται.
1825 1244 1831 1284 2

966 1298 1007 1303 -
1033 1277 1229 1318 κόλπον,
1263 1279 1398 1318 sinum,
1432 1276 1602 1309 ambitum.
1655 1276 1774 1310 Voss.:

965 1325 1047 1358 aber
1084 1324 1316 1357 Scamandrus
1343 1325 1456 1367 ‘1'rt'c'gt
1488 1323 1567 1355 dich
1597 1321 1775 1354 strudelnd

965 1371 1069 1404 hinab
1094 1372 1130 1404 in
1154 1371 1213 1403 des
1237 1381 1346 1403 meers
1365 1369 1581 1412 weitoffcuen
1598 1368 1773 1411 aberrand-

965 1436 1011 1442 —
1034 1417 1268 1460 μέλαιναν
1293 1413 1418 1461 φρῖχ’
1448 1414 1700 1457 υπαλύξει.
1724 1413 1775 1447 ita

964 1464 1078 1504 Flor„
1112 1463 1189 1497 ΑΜ.
1220 1466 1250 1499 1.
1276 1469 1310 1496 et
1334 1465 1388 1504 3.‚
1422 1463 1542 1503 Rom„
1575 1461 1703 1501 Bam„
1729 1460 1775 1501 H,

964 1513 1030 1554 Ap.
1057 1521 1090 1543 v.
1115 1512 1248 1552 φρῖκαε
1284 1521 1382 1554 quam
1412 1509 1617 1552 scripturam
1650 1506 1777 1551 proba—

964 1557 1049 1589 bant
1080 1556 1156 1588 oiim
1195 1555 1345 1588 Philetas
1380 1561 1415 1589 et
1440 1555 1680 1593 Callistratus3
1715 1563 1777 1585 nec
1837 1553 1847 1558 ‘

965 1613 1048 1635 sane
1073 1602 1187 1646 potior
1211 1609 1265 1635 est
1290 1601 1398 1634 altera
1424 1604 1508 1635 haec
1532 1612 1595 1644 φρ.
1616 1595 1778 1640 ὑπαΐξει,
1821 1617 1847 1645 ,με

967 1647 1121 1692 quamvis
1136 1659 1207 1681 eam
1228 1648 1409 1681 ostendant
1421 1649 1581 1688 Venetus,
1601 1644 1765 1678 cantabr.
1757 1668 1780 1686 .,
1841 1648 1847 1660 ⁸

969 1693 1058 1728 Mori
1089 1694 1178 1727 liber
1210 1700 1245 1727 et
1277 1705 1361 1727 unus
1396 1694 1546 1728 Vindob.
1597 1698 1695 1724 recte
1724 1691 1779 1723 Η.
1822 1730 1847 1737 ..

968 1745 1161 1797 Qapparet,
1183 1735 1361 1782 ὕπαλύξει
1383 1740 1510 1774 habere
1536 1748 1669 1772 sensum
1693 1737 1781 1770 alte·
1843 1737 1847 1750 ²

970 1785 1039 1819 rius
1063 1784 1222 1828 νπαῖξει,
1247 1786 1307 1820 sed
1327 1797 1404 1820 esse
1423 1784 1643 1831 exquisitius,
1669 1780 1781 1818 ὑπαΐ-

969 1832 1022 1874 ξει
1042 1839 1154 1867 autem
1176 1843 1251 1866 esse
1266 1832 1597 1877 interpretationem.
1609 1833 1634 1850 ‘⁶
1661 1828 1781 1875 pisci8‚
1843 1855 1847 1862 .

969 1878 1056 1911 mari
1080 1878 1292 1924 persultans,
1317 1882 1496 1924 postquam
1519 1877 1689 1912 cadavere
1711 1875 1781 1920 Ly·
1845 1916 1847 1923 Ι

971 1924 1110 1966 caonis,
1134 1924 1225 1969 quod
1250 1925 1283 1959 in
1309 1935 1437 1958 summo
1461 1929 1579 1965 natat,
1611 1934 1649 1957 se
1673 1921 1781 1955 satia-
1822 1927 1847 1971 ,ᾗ

969 1969 1038 2012 vit,
1063 1981 1180 2004 rursus
1201 1977 1303 2005 vento
1323 1972 1516 2005 horrentem
1534 1969 1638 2004 maris
1656 1978 1781 2021 super·
1846 2003 1847 2009 ἵ

970 2015 1081 2050 ficiem
1106 2017 1261 2060 (φρῖκα.
1288 2028 1318 2052 v.
1341 2016 1470 2060 odyss.
1495 2015 1544 2057 δ’,
1561 2014 1652 2056 402,
1675 2014 1714 2048 11.
1734 2011 1780 2057 η’,
1823 2030 1825 2034 ⁴

973 2063 1018 2097 63
1038 2062 1126 2107 etc.)
1156 2064 1293 2097 subiens
1317 2063 1446 2098 evadit.
1485 2060 1657 2096 sententia
1682 2070 1783 2104 prae-

972 2107 1085 2150 clara,
1123 2121 1228 2163 quam
1263 2121 1328 2144 uon
1370 2108 1588 2165 perspexisse
1622 2105 1784 2140 videntur
1822 2122 1826 2160 ,ᾗ

972 2154 1043 2196 iili,
1075 2154 1133 2199 qui
1157 2156 1347 2189 maluerunt
1370 2153 1536 2198 ὑπαΐξει,
1570 2164 1644 2187 cum
1677 2151 1784 2185 verba
1822 2164 1825 2201 ζ

971 2199 1047 2244 μέλ.
1081 2201 1190 2245 φρῖχ’
1222 2200 1400 2244 ὑπαλύξει
1428 2202 1498 2242 sic,
1533 2205 1635 2245 puto,
1676 2197 1784 2231 inter·
1822 2203 1825 2232 ἶ

973 2252 1212 2300 pretarentur=
1235 2250 1356 2293 fugiet
1390 2254 1506 2282 atrum
1539 2256 1660 2285 mare,·
1694 2242 1784 2288 quod

973 2293 1138 2338 ineptum.
1162 2306 1268 2339 quare
1285 2294 1452 2329 dederunt
1467 2291 1627 2336 ὑπαΐξει,
1646 2289 1783 2330 subibit,
1822 2299 1827 2302 ·

973 2340 1065 2383 quod
1090 2340 1146 2373 vel
1169 2341 1267 2374 metri
1292 2342 1408 2385 gratia
1427 2352 1495 2375 non
1518 2344 1572 2374 est
1594 2337 1785 2376 ferendum,
1822 2341 1827 2378 ξ

973 2390 1013 2419 ut
1047 2385 1165 2420 itidem
1196 2386 1440 2421 animadvertit
1470 2386 1523 2419 Η.
1559 2396 1635 2419 nam
1669 2381 1783 2417 ἀΐσσω

975 2431 1115 2486 primam
1147 2433 1308 2477 producit
1340 2434 1376 2467 in
1405 2432 1546 2467 Homeri
1579 2428 1785 2465 carminibus

976 2475 1052 2522 (β’,
1077 2481 1166 2521 310,
1201 2481 1248 2521 ε’,
1275 2480 1361 2520 263,
1393 2478 1444 2522 ζ’,
1467 2480 1537 2513 510
1561 2476 1678 2519 etc.)‚
1721 2484 1784 2506 nec
1822 2484 1832 2523 ,ρ

976 2524 1123 2570 corripit
1146 2525 1212 2559 nisi
1236 2537 1290 2570 ap.
1315 2527 1528 2560 recentiores
1560 2524 1677 2569 epicos
1701 2522 1784 2564 poi}-
1822 2518 1828 2554 ἐ

976 2576 1049 2611 ωε,
1083 2571 1177 2604 velut
1200 2574 1339 2606 Aratum
1366 2571 1493 2606 Phaen.
1519 2571 1610 2611 334,
1643 2573 1679 2603 et
1710 2578 1786 2600 sce-

978 2616 1096 2658 nicos,
1120 2617 1178 2662 qui
1203 2618 1304 2651 etiam
1328 2623 1503 2652 contracte
1527 2617 1645 2651 dicunt
1661 2612 1788 2659 ᾂσσειν
1823 2646 1825 2655 ,

979 2667 1015 2697 et
1034 2676 1168 2698 αττειν.
1191 2684 1230 2689 -—
1257 2661 1430 2708 ἀργέτα
1454 2662 1621 2708 δημόν.
1646 2662 1684 2703 λ’,
1707 2661 1786 2695 817.
1823 2699 1825 2712 1

1027 2710 1238 2745 128—135.
1264 2712 1413 2755 φθείρ
1424 2713 1556 2753 εσθε,
1578 2709 1698 2753 perite
1723 2707 1787 2740 ab·
1823 2737 1826 2751 ζ

979 2757 1027 2790 ite
1053 2756 1088 2789 in
1109 2757 1241 2790 malum
1261 2769 1343 2790 rem.
1379 2757 1552 2813 Aristoph.
1576 2755 1667 2789 Plut.
1687 2752 1787 2788 594:
1823 2754 1826 2806 ζ

983 2799 1074 2837 αλλὰ
1094 2804 1270 2846 φθείρου,
1296 2803 1356 2838 καὶ
1378 2802 1430 2847 μὴ
1455 2803 1597 2847 γρύζειν
1622 2799 1674 2835 ἔτι
1696 2796 1787 2844 μηδ’
1823 2832 1826 2842 ,

982 2846 1125 2884 ὁτιοῦν.
1171 2854 1206 2883 et
1230 2850 1378 2884 Acharn.
1404 2850 1504 2884 427»
1528 2849 1703 2892 φθείρου,
1726 2849 1789 2880 λοι-
1823 2869 1826 2902 Ι

983 2893 1061 2940 βων
1091 2895 1189 2931 τόδε.
1219 2916 1262 2920 -
1318 2894 1519 2931 εἰσόκεν.
1555 2894 1608 2942 β’,
1631 2895 1722 2934 332,
1746 2890 1827 2939 y',‚

984 2942 1052 2977 409
1075 2949 1141 2976 etc.
1178 2943 1223 2976 cs.
1254 2943 1330 2977 133.
1351 2962 1396 2968 -
1446 2946 1699 2994 κιχείομεν.
1730 2952 1789 2973 κι-
1822 2966 1826 2995 ι

984 2991 1148 3034 χείωμεν.
1167 3008 1207 3013 -
1235 2988 1305 3021 Sch
1331 3001 1339 3023 ε
1365 2988 1601 3033 κεραΐζων.
1626 2983 1692 3032 (β’,
1710 2987 1792 3026 861,
1824 3015 1827 3037 ,¹
