1847 3277
27 0 41 187 l

1607 193 1691 232 309

35 315 37 326 ¹
82 309 167 350 370
198 301 354 344 πολλοὶ
386 298 429 343 δ’
461 300 508 343 ἐν
538 298 695 355 τάφρῳ
729 299 1023 354 ἐρυσάρματες
1053 297 1185 349 ω’κέες
1215 300 1340 343 ἴπποι

196 356 350 409 ἄξαντ’
381 373 427 400 εν
456 357 616 427 πρώτῳ
648 358 774 412 ῥυμῷ
805 360 936 399 λίπον
966 354 1126 410 ἅρματ’
1162 355 1377 398 ἀνάκτων.

202 414 460 466 Πάτροκλος
491 412 535 457 δ’
567 414 712 465 ἕπετο,
746 413 969 468 σφεδανὸν
998 417 1216 456 Δαναοῖσι
1247 411 1462 463 κελεύων,

30 193 39 310 ff
584 190 1136 234 ιΛΙΑΛοΣΠ.

28 332 38 386 Ι

26 498 30 685 t
83 587 192 630 375
205 582 412 627 σκίδναθ’
443 583 530 626 ὑπὸ
557 582 752 637 νεφέων·

25 693 35 756 l
199 696 456 768 Hdmoxstpg
487 695 549 747 6',

29 1182 164 1253 {pc-{Qvo
192 1194 348 1230 ἵπποι.
377 1193 420 1236 θ’,
445 1193 524 1229 354.
549 1213 595 1219 -
627 1192 674 1228 ἐν
706 1206 832 1237 πρω-

37 1256 82 1301 ’φ
116 1241 258 1296 ῥυμῷ.
292 1241 406 1274 Schol.
434 1241 482 1273 B:
520 1241 570 1286 τῷ
607 1238 707 1285 ἄκρῳ
742 1238 834 1283 πρὸς

37 1289 89 1325 τὸν
113 1289 237 1334 ζυγόν.
262 1288 392 1331 [restet
418 1298 448 1320 v
463 1277 585 1330 ζ,4ό.]
613 1287 717 1322 ἄλλοι
741 1301 809 1330 πρ
818 1299 834 1326 ς

36 1336 92 1371 ·ὁν
116 1335 235 1378 α’ξονα
272 1353 317 1357 -
367 1334 612 1377 σφεδανὸν
647 1338 691 1367 A
725 1348 756 1369 κ.
792 1331 834 1374 λ’,

37 1383 133 1426 165.)
160 1380 263 1416 ἐπεὶ
290 1376 344 1424 ὂῖρ
369 1379 563 1424 τμάγεν.
595 1378 724 1435 ἐπειδὴ
762 1380 836 1414 διε-

36 1428 297 1473 ἰκεδάσθησαν.
345 1425 501 1471 ἀέλλη.
548 1429 616 1461 νῦν
647 1424 678 1484 ἦ
722 1426 835 1465 κόνις.

41 1476 91 1509 5ἰο
125 1475 214 1508 libini
249 1472 460 1517 scripserunt
494 1479 605 1507 tamen
639 1471 766 1514 ἄελλα,
797 1476 834 1506 ut

36 1521 184 1560 hiem-oc,
212 1520 364 1560 ιἹΙοῦσα,
389 1519 486 1564 quasi
511 1527 639 1554 certum
666 1520 731 1560 sit,
760 1519 834 1564 pul-

36 1579 140 1602 rerem
167 1564 298 1601 ἄελλαν
330 1546 408 1599 dici.
465 1567 529 1610 Ap.
563 1578 595 1600 ν.
634 1564 742 1601 ἄελλα
770 1566 833 1608 [v.

35 1611 362 1662 mn.a(ly'‚13.:]
386 1611 406 1647 6
431 1611 623 1654 κονιορτός
654 1611 836 1653 ἀελλώδης

36 1658 219 1705 ἰελλής,
246 1657 326 1693 οἷον
351 1655 397 1692 ἄν
422 1671 478 1699 τις
492 1657 566 1694 απὸ
595 1661 668 1693 miv
697 1659 836 1692 αελλῶν

35 1706 180 1743 πένοιτο.
205 1705 285 1750 quid
304 1704 496 1738 dubitamus
511 1706 666 1739 fraudem
686 1706 836 1742 subesse,

35 1753 254 1809 :ontinuaque
271 1752 448 1794 scriptura
461 1758 637 1786 exaratum
650 1750 840 1794 άελλήσκί-

35 1797 152 1842 hanff,
172 1799 204 1831 h.
222 1810 252 1831 e.
272 1795 400 1837 ἀελλὴς
417 1795 582 1839 κίδναθζ
603 1799 781 1843 imperitos
798 1796 840 1830 h—

34 1847 160 1880 orarios
171 1844 255 1878 male
266 1843 496 1887 disjunxisse⁸²
516 1856 583 1888 quo
598 1845 701 1884 facto,
714 1843 842 1898 procli-

34 1904 71 1926 ve
87 1892 164 1931 suit,
187 1891 288 1924 etiam
307 1898 448 1923 accentu
471 1897 597 1924 mutato
620 1891 700 1936 poni
724 1888 841 1932 ἀέλλη,

34 1936 324 1972 formainusitata.
335 1937 437 1970 κίδν
449 1949 501 1970 ατ
514 1951 545 1977 ο,
560 1939 775 1971 υῑκίδναται
791 1943 816 1977 ψ
831 1961 841 1977 ,

33 1986 132 2028 227.)
161 1983 414 2018 σκίδνατο.
441 1981 508 2026 (λ,
534 1984 601 2018 308
628 1983 723 2026 etc.)
749 1980 839 2026 οἷνη-

33 2033 227 2072 κοντιζετο.
252 2027 511 2065 τανύοντο.
543 2029 691 2074 (odyss.
719 2027 759 2070 ζ’,
786 2030 843 2070 83,

34 2078 69 2112 ll.
98 2076 134 2119 1',
167 2075 235 2111 458
262 2076 353 2117 etc.)
390 2075 654 2115 ἐπιτεταμένως
687 2074 842 2119 ἑᾛτρεχον

33 2126 66 2170 [2
92 2135 126 2158 v,
152 2134 228 2157 ann.
256 2123 299 2155 ad
321 2122 397 2156 475.
425 2123 510 2156 alias
533 2122 631 2156 hac
622 2134 655 2155 m
681 2134 719 2155 re
744 2133 842 2155 usur-

33 2177 90 2216 pat
113 2170 235 2203 vocab.
259 2170 454 2203 τιταίνεινε
506 2168 586 2214 .’,β
609 2170 690 2209 390,
714 2166 758 2212 χ’,
796 2168 841 2203 23

33 2222 97 2251 etc.
123 2217 155 2248 E
182 2216 288 2248 K—
337 2213 574 2260 ἄψοῤῥον.
601 2215 646 2256 δ’,
685 2217 748 2250 152
773 2218 840 2247 etc.

33 2283 76 2289 —-
99 2262 214 2306 fugam
249 2261 450 2295 Rutulorum
487 2266 563 2306 post
596 2266 736 2295 mortem
769 2260 839 2293 Ca-

34 2309 145 2344 millae
171 2320 225 2353 ap.
252 2307 349 2351 Virg.
377 2312 432 2350 11,
466 2309 547 2344 868.
573 2313 608 2342 et
631 2319 729 2352 seqq.
754 2318 848 2340 com-

34 2355 170 2402 paravit
194 2353 320 2388 Eichh.

79 2403 160 2442 378,
184 2402 217 2434 9.
245 2398 315 2454 ε’χε
347 2411 408 2446 per
433 2411 471 2433 se
495 2399 649 2443 intellige
634 2398 752 2432 andum
777 2401 844 2439 est,

35 2452 76 2482 ut
103 2446 145 2488 θ’,
169 2445 248 2487 448,
274 2443 327 2488 ψ,
351 2447 431 2481 422.
460 2445 544 2478 alias
568 2445 665 2478 addit
697 2445 846 2485 ι’ππους,

33 2494 127 2529 velut
160 2490 199 2536 ε’,
233 2471 321 2534 829,
362 2490 598 2535 θ’,139.Ε
625 2493 684 2533 Sp.
719 2502 774 2533 ap.
801 2491 843 2523 K

36 2558 83 2565 —
115 2537 399 2595 ὁμοκλήσας,
435 2536 474 2579 ε’,
507 2537 598 2579 439,
634 2536 674 2579 ζ’,
707 2537 754 2572 54
778 2543 845 2572 etc.

38 2585 140 2620 Sch-
186 2584 630 2642 ἀνεκυμβαλίαζον
690 2581 843 2626 ἀνεκρό-

36 2645 148 2674 τουν,
173 2630 432 2688 ἀνετρέποντο.
465 2633 567 2686 “Apa
591 2631 665 2664 τῶν
688 2642 844 2673 πεποιη-

37 2677 156 2723 μένων
198 2675 296 2723 ἤχων
334 2677 393 2714 ἐπὶ
435 2678 500 2722 τῆς
539 2677 614 2712 τῶν
655 2672 846 2720 ἇρματίων

37 2724 258 2781 (perperam
267 2724 364 2760 libri.
401 2723 623 2769 ἁρματείων.
637 2723 655 2767 )
688 2735 846 2765 ανατρο-

37 2773 110 2828 πῆς
132 2770 335 2816 γινομένης.
394 2783 426 2805 v.
461 2770 509 2805 ibi
542 2770 636 2805 Toll.
674 2770 846 2812 Hesy.ch·

38 2814 365 2865 ἀνεκυμβαλίαζον.
405 2818 536 2861 (scrib.
573 2815 847 2861 ἀνεκυμβαχία-

38 2865 114 2907 ζον,
136 2865 227 2910 quod
252 2864 329 2899 olim
353 2863 458 2898 libros
483 2865 514 2898 h.
534 2863 555 2896 Ι.
579 2862 743 2896 habuisse
767 2872 848 2895 cen-

37 2917 92 2946 set
111 2912 227 2945 Valck
244 2922 319 2945 ann
344 2910 388 2945 ad
406 2910 529 2955 Eurip.
543 2910 672 2943 Phoen.
705 2921 738 2953 p.
754 2908 848 2947 399„

41 2962 207 2992 mutatum
242 2957 286 2990 ab
326 2957 568 3000 Aristarcho.)
603 2953 846 3010 ἀνετρέποντο

43 3002 103 3039 ἐπὶ
134 3001 336 3061 κεφαλὴν,
363 3002 466 3059 παρὰ
509 3001 552 3037 τό
587 3015 638 3036 κν
653 3003 844 3057 μβαχος

44 3049 109 3095 (ε’,
133 3051 213 3087 586.
223 3051 241 3095 )
265 3047 288 3095 ἢ
312 3044 403 3095 ἦχον
428 3048 712 3091 ἀποτελεῖσθαι,
740 3045 846 3093 παρὰ

205 473 347 538 Τρωσὶ
377 469 491 513 κακοὶ
523 470 828 539 φρονέων·οἱ
858 471 902 512 ὁὲ
933 472 1055 540 ἰαχῇ
1061 485 1104 512 τε
1136 467 1263 539 φόβῳ
1294 485 1338 512 τε

169 527 342 577 *πάσας
371 530 542 581 πλῆσαν
576 525 730 579 ὁδούς,
764 527 852 569 ἐπεὶ
884 525 939 578 ἄρ
970 525 1149 579 τμάγεν·
1181 526 1262 576 ὕψι
1294 524 1336 568 6'
1368 523 1494 579 ἀέλλη

792 583 1008 625 τανύοντο
1040 584 1086 626 δὲ
1115 581 1310 650 μώνυχες
1343 582 1468 624 ι’πποι

194 639 395 695 ἄψορρον
425 640 553 693 προτὶ
586 639 696 682 ἄστυ
724 643 838 681 νεῶν
867 639 954 682 ἄπο
986 640 1059 682 καὶ
1089 637 1309 682 κλισιάων.

582 693 609 752 ἧ
637 701 840 738 πλεῖστον
871 695 1136 749 ὀρινόμενον
1166 698 1229 739 ἴδε
1260 693 1399 745 λαὸν,

25 754 35 830 ³1}
195 758 247 809 τῇ
279 753 323 808 ῥ’
358 753 415 809 ἔχ’
449 730 715 822 ὁμοκλήσας·
746 751 832 795 ὑπὸ
867 752 911 795 6'
947 752 1069 803 ἄξοσι
1100 757 1240 806 φῶτες
1271 752 1453 795 ε’πιπτον

25 820 35 867 ¹}
195 808 376 865 πρηνέες
407 810 447 861 ἐξ
479 808 634 865 οχέων,
667 811 819 878 δίφροι
852 808 893 851 δ’
930 809 1317 864 ἀνεκυμβαλίαζον.

23 851 27 930 l
83 873 164 912 380
196 866 401 921 ἀντικρὺς
435 865 477 910 6'
501 868 597 935 ἄρα
628 882 799 919 ταφρον
832 865 1090 920 ὑπέρθορον
1122 865 1250 916 ὠκέες
1284 867 1412 908 ἵπποι

24 943 27 970 ι
195 925 426 991 ἄμβροτοι,
464 921 542 973 οὺς
575 926 719 979 Πηληῖ
751 923 849 965 θεοι
880 923 1018 966 δόσαν
1049 921 1188 976 ἀγλαὰ
1219 925 1359 974 δῶρα,

23 974 34 1089 Ιι
198 979 379 1034 πρόσσω
409 981 584 1034 ἱέμενοι.
617 980 686 1022 επὶ
720 979 762 1022 6'
782 978 963 1033 Ἕκτορι
992 979 1165 1022 κέκλετο
1195 979 1362 1033 θυμός·

22 1095 26 1152 Ι
199 1038 288 1080 ιἐτο
320 1037 402 1092 γὰρ
440 1036 636 1093 βαλέειν
667 1035 746 1079 τόν
777 1035 821 1078 δ’
854 1036 1042 1092 ε’κφερον
1073 1034 1203 1087 ωκέες
1234 1038 1373 1079 ἳπποι.

880 1198 956 1232 τῶν
979 1195 1189 1250 κυμβάλων,
1240 1194 1289 1228 E:
1314 1191 1443 1239 μετήνε
1430 1205 1530 1227 κται
1554 1189 1576 1235 ἡ
1602 1194 1636 1225 λε
1632 1190 1694 1233 ’ξις

883 1241 954 1278 (πὸ
996 1257 1069 1278 των
1114 1241 1259 1287 ἠχητιιω
1248 1255 1292 1274 „v
1336 1239 1556 1295 κυμβάλων,
1603 1236 1694 1280 ἅπερ

882 1290 1059 1348 ἀναπηᾷᾷ
1077 1287 1115 1324 ἐν
1133 1290 1181 1334 τῷ
1194 1287 1495 1331 προσκρούεσθαι
1510 1282 1692 1327 ἀλλήλοις.

881 1358 925 1362 -
953 1335 974 1380 ἢ
1001 1350 1126 1377 ανετρε
1123 1336 1243 1371 ’ποντο
1273 1333 1349 1368 ἅνω
1374 1332 1474 1367 κάτω
1507 1344 1655 1377 ’μιοιιετ
1661 1344 1696 1364 οι

881 1382 975 1418 κατὰ
999 1381 1203 1427 ὁμοιότητα
1228 1395 1302 1416 των
1323 1379 1533 1415 πιπτόντων
1544 1376 1698 1432 κυμβά-

881 1443 966 1473 χων.
996 1442 1085 1474 quae
1119 1428 1303 1473 explicatio
1342 1428 1424 1461 item
1463 1424 1618 1471 pertinet
1651 1424 1696 1457 ad

881 1467 1210 1532 άνεκυμβαχίαζον.
1269 1474 1314 1507 cf.
1352 1474 1398 1515 H,
1440 1473 1505 1518 Sp.
1546 1483 1604 1516 ap.
1639 1471 1696 1510 K„

881 1525 928 1557 Se
921 1525 986 1556 bn.
1012 1535 1046 1558 v.
1072 1519 1393 1566 οἷνακυμβαλιάζω.

927 1571 1007 1604 381.
1033 1580 1156 1602 versus
1181 1567 1339 1601 exsulans
1364 1566 1407 1599 ab
1438 1564 1572 1609 aliquot
1606 1561 1696 1595 scri-

885 1616 965 1661 ptis,
991 1616 1026 1649 in
1051 1617 1176 1660 quibus
1189 1615 1332 1653 Veneto,
1364 1616 1399 1646 et
1425 1612 1467 1645 ab
1493 1610 1547 1643 ed
1574 1609 1696 1642 Flora
1686 1632 1696 1648 ‚

884 1674 984 1705 quem
1027 1673 1161 1695 versum
1197 1660 1447 1694 addubitarunt
1490 1655 1559 1689 viri
1591 1654 1698 1695 docti,

887 1720 961 1741 cum
988 1708 1079 1742 solus
1105 1708 1288 1751 Neptunus
1312 1715 1419 1750 equos
1443 1703 1520 1736 illos
1545 1701 1698 1734 donave-

887 1755 933 1788 rit
957 1755 1073 1787 Peleo.
1100 1766 1132 1789 v.
1159 1765 1236 1786 aun.
1263 1752 1305 1785 ad
1336 1752 1412 1786 149.
1447 1749 1508 1783 sed
1543 1747 1699 1791 ἔμφατι-

886 1802 959 1840 κῶς
983 1800 1136 1844 (matth.
1162 1802 1194 1842 ς.
1220 1799 1298 1833 292.
1309 1798 1326 1842 )
1354 1808 1454 1830 unum
1480 1795 1571 1829 illum
1597 1794 1700 1827 intel-

888 1848 1018 1886 linens,
1055 1849 1159 1891 ροὸῑᾶ
1200 1845 1291 1878 dixit
1324 1844 1419 1878 θεοί.
1476 1843 1520 1875 cf.
1555 1839 1699 1874 inferius

888 1894 967 1928 693.
994 1904 1056 1925 nec
1087 1892 1161 1936 plus
1187 1890 1349 1936 ponderis
1375 1889 1477 1922 habet
1510 1887 1570 1928 id,
1605 1885 1700 1930 quod

889 1951 995 1982 equus
1040 1939 1130 1971 Ped:¹
1122 1949 1197 1970 sus
1239 1937 1305 1970 fuit
1348 1934 1502 1969 mortalis
1544 1934 1645 1974 (154
1659 1932 1698 1974 ):

887 1986 983 2029 cujus
1008 1984 1085 2029 equi
1112 1995 1201 2017 nunc
1226 1995 1292 2017 non
1317 1983 1354 2015 h
1351 1982 1462 2015 betur
1496 1979 1604 2021 ratio,
1640 1977 1701 2011 sed

891 2032 1035 2065 duorum
1078 2034 1208 2064 tantum
1255 2028 1432 2073 jugalium.
1490 2025 1580 2070 quod
1634 2035 1700 2057 au-

890 2084 956 2112 tem
981 2089 1067 2110 maxx
1071 2088 1157 2109 mum
1183 2080 1236 2109 est
1261 2079 1463 2108 momentum
1484 2072 1583 2116 hujus
1594 2081 1701 2116 quae-

889 2124 1033 2164 stionis,
1065 2121 1283 2156 necessarius
1318 2125 1372 2154 est
1395 2129 1537 2159 versus,
1571 2128 1614 2150 ne
1639 2128 1700 2149 ne-

888 2170 1054 2210 sciamus,
1083 2168 1252 2203 Achilleos
1276 2167 1344 2200 dici
1369 2176 1492 2210 equos.
1527 2175 1602 2197 nam
1642 2174 1701 2196 ce-

887 2217 998 2257 leres,
1031 2215 1158 2255 ὠκέες,
1202 2215 1344 2247 fuerunt
1377 2217 1413 2245 et
1447 2210 1701 2254 Trojanorum;

888 2274 975 2296 nunc
1000 2267 1112 2296 autem
1137 2264 1173 2294 et
1200 2258 1400 2305 Neptunios
1424 2257 1501 2291 illos
1524 2255 1701 2300 significa-

893 2309 921 2342 ri
947 2308 1092 2349 scimus,
1117 2319 1180 2341 nec
1206 2306 1386 2346 miramur,
1411 2303 1547 2336 divinos
1566 2301 1702 2335 divino-

892 2367 958 2411 que
999 2355 1124 2388 robore
1167 2351 1342 2397 praeditos
1386 2360 1491 2404 equos
1541 2347 1703 2382 celeriter

893 2399 1054 2445 (ωκέες)
1079 2399 1252 2433 transilire
1276 2398 1425 2436 fossam,
1460 2395 1494 2428 in
1520 2405 1620 2438 quam
1645 2391 1703 2426 alii

893 2448 1156 2492 procumbentes
1190 2443 1334 2478 hostium
1366 2453 1488 2477 currus
1520 2439 1702 2484 fregerint

893 2495 1004 2537 (370,
1028 2492 1137 2535 371.)
1170 2503 1277 2534 quare
1311 2489 1367 2523 hic
1399 2488 1537 2532 quidem
1572 2485 1703 2519 suadeo

891 2550 1065 2574 servemus
1112 2538 1218 2572 verba
1273 2536 1454 2590 ἄμβροτοι
1497 2552 1542 2559 -
1587 2532 1702 2575 δῶρα,

890 2586 1012 2631 quibus
1038 2591 1114 2618 tota
1145 2583 1316 2617 sententia
1346 2581 1557 2620 illustratur,
1588 2578 1705 2612 delea-

890 2643 962 2666 mus
986 2635 1097 2665 autem
1123 2635 1273 2664 extremo
1298 2629 1416 2670 libro,
1449 2625 1509 2660 ubi
1541 2636 1604 2659 nec
1639 2624 1704 2658 du-

891 2679 982 2712 bium
1015 2682 1084 2718 est,
1124 2676 1262 2722 quinam
1305 2673 1385 2719 equi
1422 2673 1598 2712 dicantur,
1641 2681 1704 2703 nec

892 2735 980 2768 opus
1004 2728 1101 2757 tanto
1127 2734 1241 2756 eorum
1266 2722 1391 2755 robore
1414 2720 1457 2753 ad
1473 2715 1704 2761 effugiendum

892 2771 1079 2804 Hectorem
1104 2773 1378 2814 persequentem.
1410 2765 1502 2804 illic,
1535 2774 1600 2796 non
1634 2762 1703 2804 hic,

893 2816 1008 2850 nescio
1035 2815 1112 2860 quis
1135 2815 1221 2849 male
1237 2813 1377 2848 sedulus
1396 2810 1518 2845 similia
1537 2807 1705 2842 similibus

896 2862 1092 2906 adscripsit.

941 2909 1021 2943 382.
1067 2906 1142 2943 ἐπὶ
1191 2903 1233 2940 δ’
1270 2900 1466 2942 ’Ἕκτορι
1508 2897 1704 2933 κέκλετο

893 2952 1068 3014 &vade-3
1114 2956 1210 2987 recte
1235 2952 1287 2984 Ε.
1315 2947 1333 2984 ὁ
1369 2949 1438 2982 τοῦ
1472 2943 1704 2988 Πατρόκλου,

893 2998 976 3036 ἀντὶ
999 3001 1068 3035 τοῦ
1092 2998 1185 3034 κατὰ
1200 2996 1393 3038 Έκτορος
1428 2993 1478 3027 sic
1502 2991 1641 3028 κέλεται
1665 2990 1706 3028 δέ

892 3059 936 3093 με
959 3045 1088 3092 θυμὸς
1110 3043 1155 3088 κ’,
1179 3043 1261 3080 534.
1309 3042 1354 3078 cf.
1378 3039 1429 3085 μ’,
1452 3042 1520 3076 300
1544 3044 1613 3075 etc.
