<?xml version="1.0" encoding="UTF-8"?>
<!DOCTYPE html PUBLIC "-//W3C//DTD XHTML 1.0 Transitional//EN"
    "http://www.w3.org/TR/xhtml1/DTD/xhtml1-transitional.dtd">
<html xmlns="http://www.w3.org/1999/xhtml" xml:lang="en" lang="en">
 <head>
  <title>
</title>
<meta http-equiv="Content-Type" content="text/html;charset=utf-8" />
  <meta name='ocr-system' content='tesseract 3.04.00' />
  <meta name='ocr-capabilities' content='ocr_page ocr_carea ocr_par ocr_line ocrx_word'/>
</head>
<body>
  <div class='ocr_page' id='page_1' title='image "./carmina02home/carmina02home_0212.png"; bbox 0 0 1847 3277; ppageno 0'>
   <div class='ocr_carea' id='block_1_1' title="bbox 126 131 212 172">
    <p class='ocr_par' dir='ltr' id='par_1_1' title="bbox 126 131 212 172">
     <span class='ocr_line' id='line_1_1' title="bbox 126 131 212 172; baseline 0.012 -1"><span class='ocrx_word' id='word_1_1' title='bbox 126 131 212 172; x_wconf 73' lang='lat'><em>3:30</em></span> 
     </span>
    </p>
   </div>
   <div class='ocr_carea' id='block_1_2' title="bbox 748 135 1154 177">
    <p class='ocr_par' dir='ltr' id='par_1_2' title="bbox 748 135 1154 177">
     <span class='ocr_line' id='line_1_2' title="bbox 748 135 1154 177; baseline -0.005 0"><span class='ocrx_word' id='word_1_2' title='bbox 748 135 1154 177; x_wconf 57' lang='lat' dir='ltr'><strong><em>‘OMHPOY</em></strong></span> 
     </span>
    </p>
   </div>
   <div class='ocr_carea' id='block_1_3' title="bbox 180 241 1375 413">
    <p class='ocr_par' dir='ltr' id='par_1_3' title="bbox 180 241 1375 413">
     <span class='ocr_line' id='line_1_3' title="bbox 295 241 1375 310; baseline 0.002 -26"><span class='ocrx_word' id='word_1_3' title='bbox 295 243 402 310; x_wconf 64' lang='lat' dir='ltr'><em>’¹215ss</em></span> <span class='ocrx_word' id='word_1_4' title='bbox 433 241 759 298; x_wconf 71' lang='grc' dir='ltr'><em>ἀποθρώσκωυ,</em></span> <span class='ocrx_word' id='word_1_5' title='bbox 791 245 827 286; x_wconf 85' lang='grc' dir='ltr'><em>εἶ</em></span> <span class='ocrx_word' id='word_1_6' title='bbox 856 243 928 286; x_wconf 85' lang='grc' dir='ltr'><em>καὶ</em></span> <span class='ocrx_word' id='word_1_7' title='bbox 960 243 1260 298; x_wconf 79' lang='grc' dir='ltr'><em>δυσπέμφελος</em></span> <span class='ocrx_word' id='word_1_8' title='bbox 1290 245 1375 298; x_wconf 80' lang='grc' dir='ltr'><em>εἴη,</em></span> 
     </span>
     <span class='ocr_line' id='line_1_4' title="bbox 294 299 1310 357; baseline 0.001 -16"><span class='ocrx_word' id='word_1_9' title='bbox 294 315 354 356; x_wconf 73' lang='grc' dir='ltr'><em>ως</em></span> <span class='ocrx_word' id='word_1_10' title='bbox 386 302 471 342; x_wconf 87' lang='grc' dir='ltr'><em>νῦν</em></span> <span class='ocrx_word' id='word_1_11' title='bbox 501 299 548 342; x_wconf 81' lang='grc' dir='ltr'><em>ἐν</em></span> <span class='ocrx_word' id='word_1_12' title='bbox 576 302 709 357; x_wconf 83' lang='grc' dir='ltr'><em>πεδίῳ</em></span> <span class='ocrx_word' id='word_1_13' title='bbox 740 301 781 350; x_wconf 79' lang='grc' dir='ltr'><em>ἐξ</em></span> <span class='ocrx_word' id='word_1_14' title='bbox 812 301 957 342; x_wconf 81' lang='grc' dir='ltr'><em>ἵππων</em></span> <span class='ocrx_word' id='word_1_15' title='bbox 988 301 1083 353; x_wconf 79' lang='grc' dir='ltr'><em>ῥεῖα</em></span> <span class='ocrx_word' id='word_1_16' title='bbox 1113 303 1310 357; x_wconf 78' lang='grc' dir='ltr'><em>κυβιστᾷ.</em></span> 
     </span>
     <span class='ocr_line' id='line_1_5' title="bbox 180 356 1371 413; baseline -0.001 -14"><span class='ocrx_word' id='word_1_17' title='bbox 180 358 264 400; x_wconf 89' lang='grc'><em>750</em></span> <span class='ocrx_word' id='word_1_18' title='bbox 293 357 319 410; x_wconf 82' lang='grc' dir='ltr'><em>ἡ</em></span> <span class='ocrx_word' id='word_1_19' title='bbox 351 356 407 410; x_wconf 82' lang='grc' dir='ltr'><em>ῥα</em></span> <span class='ocrx_word' id='word_1_20' title='bbox 435 357 508 399; x_wconf 84' lang='grc' dir='ltr'><em>καὶ</em></span> <span class='ocrx_word' id='word_1_21' title='bbox 539 356 586 399; x_wconf 81' lang='grc' dir='ltr'><em>ἐν</em></span> <span class='ocrx_word' id='word_1_22' title='bbox 623 356 815 409; x_wconf 80' lang='grc' dir='ltr'><em>Τρώεσσι</em></span> <span class='ocrx_word' id='word_1_23' title='bbox 845 359 1156 413; x_wconf 77' lang='grc' dir='ltr'><em>κυβιστητῆρες</em></span> <span class='ocrx_word' id='word_1_24' title='bbox 1189 357 1371 399; x_wconf 60' lang='grc' dir='ltr'><em>ἔασιν-Η*</em></span> 
     </span>
    </p>
   </div>
   <div class='ocr_carea' id='block_1_4' title="bbox 398 445 1232 490">
    <p class='ocr_par' dir='ltr' id='par_1_4' title="bbox 398 445 1232 490">
     <span class='ocr_line' id='line_1_6' title="bbox 398 445 1232 490; baseline -0.002 -10"><span class='ocrx_word' id='word_1_25' title='bbox 398 446 564 480; x_wconf 77' lang='lat' dir='ltr'>acerrime</span> <span class='ocrx_word' id='word_1_26' title='bbox 588 446 770 480; x_wconf 71' lang='lat' dir='ltr'><strong>dimicatur</strong></span> <span class='ocrx_word' id='word_1_27' title='bbox 793 445 836 479; x_wconf 85' lang='lat' dir='ltr'><em>de</em></span> <span class='ocrx_word' id='word_1_28' title='bbox 859 457 1006 490; x_wconf 82' lang='lat' dir='ltr'>corpore</span> <span class='ocrx_word' id='word_1_29' title='bbox 1029 445 1232 479; x_wconf 85' lang='lat' dir='ltr'>Cebrionae.</span> 
     </span>
    </p>
   </div>
   <div class='ocr_carea' id='block_1_5' title="bbox 173 523 1512 805">
    <p class='ocr_par' dir='ltr' id='par_1_5' title="bbox 173 523 1512 805">
     <span class='ocr_line' id='line_1_7' title="bbox 319 523 1326 585; baseline -0.001 -18"><span class='ocrx_word' id='word_1_30' title='bbox 319 577 336 585; x_wconf 80' lang='lat'><em>..</em></span> <span class='ocrx_word' id='word_1_31' title='bbox 359 523 441 575; x_wconf 65' lang='grc' dir='ltr'><em>’Ὡς</em></span> <span class='ocrx_word' id='word_1_32' title='bbox 472 524 604 567; x_wconf 76' lang='grc' dir='ltr'><em>εἰπών</em></span> <span class='ocrx_word' id='word_1_33' title='bbox 634 523 703 565; x_wconf 80' lang='grc' dir='ltr'><em>ἐπὶ</em></span> <span class='ocrx_word' id='word_1_34' title='bbox 735 524 954 579; x_wconf 73' lang='grc' dir='ltr'><em>Κεβριόνῃ</em></span> <span class='ocrx_word' id='word_1_35' title='bbox 986 523 1100 579; x_wconf 79' lang='grc' dir='ltr'><em>ἥρωϊ</em></span> <span class='ocrx_word' id='word_1_36' title='bbox 1128 525 1326 579; x_wconf 77' lang='grc' dir='ltr'><em>βεβήκει,</em></span> 
     </span>
     <span class='ocr_line' id='line_1_8' title="bbox 290 579 1390 635; baseline -0.001 -12"><span class='ocrx_word' id='word_1_37' title='bbox 290 585 396 635; x_wconf 83' lang='grc' dir='ltr'><em>οἰμα</em></span> <span class='ocrx_word' id='word_1_38' title='bbox 425 581 599 630; x_wconf 84' lang='grc' dir='ltr'><em>λέοντος</em></span> <span class='ocrx_word' id='word_1_39' title='bbox 632 581 763 633; x_wconf 75' lang='grc' dir='ltr'><em>ἔχων,</em></span> <span class='ocrx_word' id='word_1_40' title='bbox 795 579 893 622; x_wconf 84' lang='grc' dir='ltr'><em>ὅστε</em></span> <span class='ocrx_word' id='word_1_41' title='bbox 925 580 1151 634; x_wconf 76' lang='grc' dir='ltr'><em>σταθμούς</em></span> <span class='ocrx_word' id='word_1_42' title='bbox 1180 583 1390 633; x_wconf 77' lang='grc' dir='ltr'><em>κεραΐζων</em></span> 
     </span>
     <span class='ocr_line' id='line_1_9' title="bbox 288 634 1400 692; baseline -0.001 -12"><span class='ocrx_word' id='word_1_43' title='bbox 288 637 440 692; x_wconf 73' lang='grc' dir='ltr'><em>ἔβλητο</em></span> <span class='ocrx_word' id='word_1_44' title='bbox 472 636 583 689; x_wconf 83' lang='grc' dir='ltr'><em>πρὸς</em></span> <span class='ocrx_word' id='word_1_45' title='bbox 613 640 797 691; x_wconf 80' lang='grc' dir='ltr'><em>στῆθος,</em></span> <span class='ocrx_word' id='word_1_46' title='bbox 829 634 875 691; x_wconf 77' lang='grc' dir='ltr'><em>ἑή</em></span> <span class='ocrx_word' id='word_1_47' title='bbox 906 636 949 679; x_wconf 86' lang='grc' dir='ltr'><em>τέ</em></span> <span class='ocrx_word' id='word_1_48' title='bbox 979 655 1053 692; x_wconf 90' lang='grc' dir='ltr'><em>μιν</em></span> <span class='ocrx_word' id='word_1_49' title='bbox 1084 637 1243 679; x_wconf 76' lang='grc' dir='ltr'><em>ὤλεσεν</em></span> <span class='ocrx_word' id='word_1_50' title='bbox 1275 636 1400 692; x_wconf 82' lang='grc' dir='ltr'><em>ἀλκή·</em></span> 
     </span>
     <span class='ocr_line' id='line_1_10' title="bbox 277 691 1418 755; baseline -0.001 -19"><span class='ocrx_word' id='word_1_51' title='bbox 277 693 347 755; x_wconf 37' lang='grc' dir='ltr'><em>,ὣς</em></span> <span class='ocrx_word' id='word_1_52' title='bbox 378 695 445 736; x_wconf 83' lang='grc' dir='ltr'><em>ἐπὶ</em></span> <span class='ocrx_word' id='word_1_53' title='bbox 475 692 720 754; x_wconf 61' lang='grc' dir='ltr'><em>Κεβριόνῃ,</em></span> <span class='ocrx_word' id='word_1_54' title='bbox 754 691 1045 745; x_wconf 80' lang='grc' dir='ltr'><em>Πατρόκλεις,</em></span> <span class='ocrx_word' id='word_1_55' title='bbox 1080 691 1187 736; x_wconf 77' lang='grc' dir='ltr'><em>ἆλσο</em></span> <span class='ocrx_word' id='word_1_56' title='bbox 1220 693 1418 748; x_wconf 75' lang='grc' dir='ltr'><em>μεμαώς,</em></span> 
     </span>
     <span class='ocr_line' id='line_1_11' title="bbox 173 747 1512 805; baseline -0.001 -13"><span class='ocrx_word' id='word_1_57' title='bbox 173 750 255 794; x_wconf 90' lang='grc'><em>755</em></span> <span class='ocrx_word' id='word_1_58' title='bbox 277 749 446 804; x_wconf 77' lang='grc' dir='ltr'><em>’Ἐκτωρ</em></span> <span class='ocrx_word' id='word_1_59' title='bbox 478 749 518 793; x_wconf 88' lang='grc' dir='ltr'><em>δ’</em></span> <span class='ocrx_word' id='word_1_60' title='bbox 555 749 661 792; x_wconf 76' lang='grc' dir='ltr'><em>αὑθ’</em></span> <span class='ocrx_word' id='word_1_61' title='bbox 693 747 904 804; x_wconf 78' lang='grc' dir='ltr'><em>ἑτέρωθεν</em></span> <span class='ocrx_word' id='word_1_62' title='bbox 934 748 1009 805; x_wconf 78' lang='grc' dir='ltr'><em>ἀφ’</em></span> <span class='ocrx_word' id='word_1_63' title='bbox 1040 752 1183 792; x_wconf 82' lang='grc' dir='ltr'><em>ἳππων</em></span> <span class='ocrx_word' id='word_1_64' title='bbox 1214 747 1316 792; x_wconf 85' lang='grc' dir='ltr'><em>ἆλτο</em></span> <span class='ocrx_word' id='word_1_65' title='bbox 1346 753 1512 805; x_wconf 78' lang='grc' dir='ltr'><em>χαμᾶζε.</em></span> 
     </span>
    </p>
   </div>
   <div class='ocr_carea' id='block_1_6' title="bbox 102 861 927 2994">
    <p class='ocr_par' dir='ltr' id='par_1_6' title="bbox 102 861 927 2994">
     <span class='ocr_line' id='line_1_12' title="bbox 114 861 927 912; baseline -0.007 -10"><span class='ocrx_word' id='word_1_66' title='bbox 114 880 167 912; x_wconf 89' lang='grc' dir='ltr'><em>μα</em></span> <span class='ocrx_word' id='word_1_67' title='bbox 189 874 224 901; x_wconf 82' lang='lat' dir='ltr'><em>et</em></span> <span class='ocrx_word' id='word_1_68' title='bbox 247 862 325 901; x_wconf 78' lang='grc' dir='ltr'><em>κατ’</em></span> <span class='ocrx_word' id='word_1_69' title='bbox 352 862 480 908; x_wconf 74' lang='grc' dir='ltr'><em>ἐξοχὴν</em></span> <span class='ocrx_word' id='word_1_70' title='bbox 506 868 632 897; x_wconf 83' lang='lat' dir='ltr'>ostrea.</span> <span class='ocrx_word' id='word_1_71' title='bbox 653 881 698 887; x_wconf 98' lang='lat'><strong>—</strong></span> <span class='ocrx_word' id='word_1_72' title='bbox 732 861 927 908; x_wconf 75' lang='grc' dir='ltr'><em>ἀκαλήφας</em></span> 
     </span>
     <span class='ocr_line' id='line_1_13' title="bbox 114 910 926 954; baseline -0.01 -5"><span class='ocrx_word' id='word_1_73' title='bbox 114 914 181 954; x_wconf 82' lang='grc' dir='ltr'><em>τάς</em></span> <span class='ocrx_word' id='word_1_74' title='bbox 211 914 436 951; x_wconf 79' lang='grc' dir='ltr'><em>θαλασσίας,</em></span> <span class='ocrx_word' id='word_1_75' title='bbox 471 912 603 943; x_wconf 81' lang='lat' dir='ltr'>urticas</span> <span class='ocrx_word' id='word_1_76' title='bbox 634 910 789 943; x_wconf 78' lang='lat' dir='ltr'>marinas</span> <span class='ocrx_word' id='word_1_77' title='bbox 817 911 926 950; x_wconf 59' lang='lat' dir='ltr'>bion„</span> 
     </span>
     <span class='ocr_line' id='line_1_14' title="bbox 114 955 925 1006; baseline -0.009 -11"><span class='ocrx_word' id='word_1_78' title='bbox 114 972 222 1006; x_wconf 84' lang='lat' dir='ltr'>germ.</span> <span class='ocrx_word' id='word_1_79' title='bbox 263 958 514 996; x_wconf 80' lang='lat' dir='ltr'>Mcernesseln,</span> <span class='ocrx_word' id='word_1_80' title='bbox 556 955 625 988; x_wconf 86' lang='lat' dir='ltr'>dici</span> <span class='ocrx_word' id='word_1_81' title='bbox 667 962 768 999; x_wconf 86' lang='lat' dir='ltr'>putat</span> <span class='ocrx_word' id='word_1_82' title='bbox 807 955 925 991; x_wconf 84' lang='lat' dir='ltr'>Schol.</span> 
     </span>
     <span class='ocr_line' id='line_1_15' title="bbox 115 1002 923 1049; baseline -0.007 -9"><span class='ocrx_word' id='word_1_83' title='bbox 115 1006 247 1040; x_wconf 80' lang='lat' dir='ltr'>Comici</span> <span class='ocrx_word' id='word_1_84' title='bbox 272 1005 351 1049; x_wconf 68' lang='lat' dir='ltr'><strong>Lys.</strong></span> <span class='ocrx_word' id='word_1_85' title='bbox 377 1004 456 1039; x_wconf 89' lang='lat'>515.</span> <span class='ocrx_word' id='word_1_86' title='bbox 507 1002 648 1035; x_wconf 85' lang='lat' dir='ltr'>Aristot.</span> <span class='ocrx_word' id='word_1_87' title='bbox 676 1008 788 1034; x_wconf 80' lang='lat' dir='ltr'>autem</span> <span class='ocrx_word' id='word_1_88' title='bbox 813 1003 856 1034; x_wconf 89' lang='lat' dir='ltr'><em>H.</em></span> <span class='ocrx_word' id='word_1_89' title='bbox 884 1003 923 1035; x_wconf 88' lang='lat' dir='ltr'><em>A.</em></span> 
     </span>
     <span class='ocr_line' id='line_1_16' title="bbox 114 1043 922 1095; baseline -0.01 -8"><span class='ocrx_word' id='word_1_90' title='bbox 114 1057 156 1095; x_wconf 83' lang='lat'><em>4,</em></span> <span class='ocrx_word' id='word_1_91' title='bbox 180 1053 214 1087; x_wconf 82' lang='lat'><em>4.</em></span> <span class='ocrx_word' id='word_1_92' title='bbox 247 1053 290 1085; x_wconf 88' lang='lat' dir='ltr'><em>de</em></span> <span class='ocrx_word' id='word_1_93' title='bbox 316 1048 639 1092; x_wconf 73' lang='grc' dir='ltr'><em>ὀστρακοδέρμοιςε</em></span> <span class='ocrx_word' id='word_1_94' title='bbox 676 1047 749 1081; x_wconf 74' lang='grc' dir='ltr'><em>ἔστι</em></span> <span class='ocrx_word' id='word_1_95' title='bbox 775 1043 837 1088; x_wconf 75' lang='grc' dir='ltr'><em>δ’,</em></span> <span class='ocrx_word' id='word_1_96' title='bbox 871 1047 922 1080; x_wconf 87' lang='lat' dir='ltr'><em>in-</em></span> 
     </span>
     <span class='ocr_line' id='line_1_17' title="bbox 114 1091 922 1144; baseline -0.006 -12"><span class='ocrx_word' id='word_1_97' title='bbox 114 1099 202 1144; x_wconf 86' lang='lat' dir='ltr'>quit,</span> <span class='ocrx_word' id='word_1_98' title='bbox 227 1094 250 1133; x_wconf 75' lang='grc' dir='ltr'>ἆ</span> <span class='ocrx_word' id='word_1_99' title='bbox 275 1095 342 1132; x_wconf 74' lang='grc' dir='ltr'><em>ὅλα</em></span> <span class='ocrx_word' id='word_1_100' title='bbox 365 1094 567 1139; x_wconf 67' lang='grc' dir='ltr'><em>περιέχεται</em></span> <span class='ocrx_word' id='word_1_101' title='bbox 588 1094 640 1139; x_wconf 80' lang='grc' dir='ltr'><em>τῷ</em></span> <span class='ocrx_word' id='word_1_102' title='bbox 659 1091 836 1137; x_wconf 74' lang='grc' dir='ltr'><em>ὀστράκῳ,</em></span> <span class='ocrx_word' id='word_1_103' title='bbox 861 1093 922 1127; x_wconf 79' lang='grc' dir='ltr'><em>καὶ</em></span> 
     </span>
     <span class='ocr_line' id='line_1_18' title="bbox 115 1139 921 1186; baseline -0.01 -5"><span class='ocrx_word' id='word_1_104' title='bbox 115 1145 233 1181; x_wconf 74' lang='grc' dir='ltr'><em>οὐθὲν</em></span> <span class='ocrx_word' id='word_1_105' title='bbox 257 1146 322 1186; x_wconf 82' lang='grc' dir='ltr'><em>τῆς</em></span> <span class='ocrx_word' id='word_1_106' title='bbox 358 1141 491 1186; x_wconf 79' lang='grc' dir='ltr'><em>σαρκός</em></span> <span class='ocrx_word' id='word_1_107' title='bbox 525 1140 595 1182; x_wconf 79' lang='grc' dir='ltr'><em>ἔχει</em></span> <span class='ocrx_word' id='word_1_108' title='bbox 624 1139 674 1179; x_wconf 81' lang='grc' dir='ltr'><em>εἰς</em></span> <span class='ocrx_word' id='word_1_109' title='bbox 698 1141 740 1174; x_wconf 87' lang='grc' dir='ltr'><em>τὸ</em></span> <span class='ocrx_word' id='word_1_110' title='bbox 767 1139 834 1181; x_wconf 68' lang='grc' dir='ltr'><em>ἔξω</em></span> <span class='ocrx_word' id='word_1_111' title='bbox 859 1153 921 1182; x_wconf 73' lang='grc' dir='ltr'><em>γυ-</em></span> 
     </span>
     <span class='ocr_line' id='line_1_19' title="bbox 113 1186 921 1238; baseline -0.011 -11"><span class='ocrx_word' id='word_1_112' title='bbox 113 1191 226 1238; x_wconf 80' lang='grc' dir='ltr'><em>μνὸν,</em></span> <span class='ocrx_word' id='word_1_113' title='bbox 265 1190 346 1226; x_wconf 83' lang='grc' dir='ltr'><em>οἷον</em></span> <span class='ocrx_word' id='word_1_114' title='bbox 370 1189 415 1223; x_wconf 78' lang='grc' dir='ltr'><em>τοὶ</em></span> <span class='ocrx_word' id='word_1_115' title='bbox 441 1186 648 1228; x_wconf 69' lang='grc' dir='ltr'><em>καλούμενα</em></span> <span class='ocrx_word' id='word_1_116' title='bbox 672 1186 814 1229; x_wconf 73' lang='grc' dir='ltr'><em>τήθεαε</em></span> <span class='ocrx_word' id='word_1_117' title='bbox 846 1198 921 1218; x_wconf 85' lang='lat' dir='ltr'><em>nam</em></span> 
     </span>
     <span class='ocr_line' id='line_1_20' title="bbox 114 1233 921 1284; baseline -0.014 -10"><span class='ocrx_word' id='word_1_118' title='bbox 114 1238 234 1284; x_wconf 83' lang='grc' dir='ltr'><em>τήθεα</em></span> <span class='ocrx_word' id='word_1_119' title='bbox 268 1236 483 1271; x_wconf 81' lang='lat' dir='ltr'>scribendum</span> <span class='ocrx_word' id='word_1_120' title='bbox 516 1245 591 1266; x_wconf 76' lang='lat' dir='ltr'>esse</span> <span class='ocrx_word' id='word_1_121' title='bbox 625 1233 775 1265; x_wconf 79' lang='lat' dir='ltr'>arbitror</span> <span class='ocrx_word' id='word_1_122' title='bbox 798 1243 921 1264; x_wconf 80' lang='lat' dir='ltr'>secun-</span> 
     </span>
     <span class='ocr_line' id='line_1_21' title="bbox 114 1277 920 1322; baseline -0.015 -2"><span class='ocrx_word' id='word_1_123' title='bbox 114 1287 191 1320; x_wconf 86' lang='lat' dir='ltr'><em>dum</em></span> <span class='ocrx_word' id='word_1_124' title='bbox 216 1286 281 1319; x_wconf 83' lang='lat' dir='ltr'><em>Ms.</em></span> <span class='ocrx_word' id='word_1_125' title='bbox 310 1283 446 1321; x_wconf 83' lang='lat' dir='ltr'>Canis.‚</span> <span class='ocrx_word' id='word_1_126' title='bbox 472 1291 539 1313; x_wconf 89' lang='lat' dir='ltr'><em>non</em></span> <span class='ocrx_word' id='word_1_127' title='bbox 563 1277 709 1322; x_wconf 81' lang='grc' dir='ltr'><em>τήθυα,</em></span> <span class='ocrx_word' id='word_1_128' title='bbox 743 1287 780 1311; x_wconf 83' lang='lat' dir='ltr'><em>ut</em></span> <span class='ocrx_word' id='word_1_129' title='bbox 805 1280 920 1321; x_wconf 69' lang='lat' dir='ltr'>wigo,</span> 
     </span>
     <span class='ocr_line' id='line_1_22' title="bbox 114 1325 921 1377; baseline -0.014 -10"><span class='ocrx_word' id='word_1_130' title='bbox 114 1344 205 1377; x_wconf 83' lang='lat' dir='ltr'>quac</span> <span class='ocrx_word' id='word_1_131' title='bbox 229 1329 366 1375; x_wconf 81' lang='lat' dir='ltr'>quidem</span> <span class='ocrx_word' id='word_1_132' title='bbox 391 1338 458 1360; x_wconf 89' lang='lat' dir='ltr'><em>vox</em></span> <span class='ocrx_word' id='word_1_133' title='bbox 480 1325 650 1369; x_wconf 79' lang='lat' dir='ltr'>Hesychio</span> <span class='ocrx_word' id='word_1_134' title='bbox 670 1330 770 1357; x_wconf 90' lang='lat' dir='ltr'>sonat</span> <span class='ocrx_word' id='word_1_135' title='bbox 788 1325 921 1367; x_wconf 70' lang='grc' dir='ltr'><em>τενάγη</em></span> 
     </span>
     <span class='ocr_line' id='line_1_23' title="bbox 113 1370 922 1423; baseline -0.014 -11"><span class='ocrx_word' id='word_1_136' title='bbox 113 1379 262 1423; x_wconf 86' lang='lat' dir='ltr'>(vada),</span> <span class='ocrx_word' id='word_1_137' title='bbox 289 1373 311 1409; x_wconf 75' lang='grc' dir='ltr'><em>ἂ</em></span> <span class='ocrx_word' id='word_1_138' title='bbox 327 1372 567 1417; x_wconf 76' lang='grc' dir='ltr'><em>προσχέονσιν</em></span> <span class='ocrx_word' id='word_1_139' title='bbox 588 1370 623 1405; x_wconf 80' lang='grc' dir='ltr'><em>οὶ</em></span> <span class='ocrx_word' id='word_1_140' title='bbox 643 1371 815 1413; x_wconf 83' lang='grc' dir='ltr'><em>ποταμοί.</em></span> <span class='ocrx_word' id='word_1_141' title='bbox 843 1370 922 1414; x_wconf 80' lang='lat' dir='ltr'>phi-</span> 
     </span>
     <span class='ocr_line' id='line_1_24' title="bbox 110 1415 921 1469; baseline -0.014 -10"><span class='ocrx_word' id='word_1_142' title='bbox 110 1424 245 1469; x_wconf 83' lang='lat' dir='ltr'>losophi</span> <span class='ocrx_word' id='word_1_143' title='bbox 276 1421 395 1465; x_wconf 80' lang='grc' dir='ltr'><em>τήθεα</em></span> <span class='ocrx_word' id='word_1_144' title='bbox 420 1420 525 1452; x_wconf 81' lang='lat' dir='ltr'>Schn.</span> <span class='ocrx_word' id='word_1_145' title='bbox 556 1429 589 1450; x_wconf 90' lang='lat' dir='ltr'><em>v.</em></span> <span class='ocrx_word' id='word_1_146' title='bbox 615 1417 733 1459; x_wconf 80' lang='grc' dir='ltr'><em>τῆθος</em></span> <span class='ocrx_word' id='word_1_147' title='bbox 766 1427 840 1448; x_wconf 79' lang='lat' dir='ltr'>esse</span> <span class='ocrx_word' id='word_1_148' title='bbox 871 1415 921 1448; x_wconf 83' lang='lat' dir='ltr'><em>ait</em></span> 
     </span>
     <span class='ocr_line' id='line_1_25' title="bbox 111 1463 919 1509; baseline -0.014 -4"><span class='ocrx_word' id='word_1_149' title='bbox 111 1471 247 1505; x_wconf 78' lang='lat' dir='ltr'>ascidia</span> <span class='ocrx_word' id='word_1_150' title='bbox 270 1469 391 1503; x_wconf 80' lang='lat' dir='ltr'>Linn..</span> <span class='ocrx_word' id='word_1_151' title='bbox 423 1476 529 1509; x_wconf 84' lang='lat' dir='ltr'>germ.</span> <span class='ocrx_word' id='word_1_152' title='bbox 557 1463 803 1501; x_wconf 67' lang='lat' dir='ltr'><em>seoscheiden‚</em></span> <span class='ocrx_word' id='word_1_153' title='bbox 831 1473 919 1505; x_wconf 82' lang='lat' dir='ltr'>qnae</span> 
     </span>
     <span class='ocr_line' id='line_1_26' title="bbox 110 1508 917 1551; baseline -0.016 1"><span class='ocrx_word' id='word_1_154' title='bbox 110 1518 223 1551; x_wconf 80' lang='lat' dir='ltr'>aliena</span> <span class='ocrx_word' id='word_1_155' title='bbox 248 1526 324 1548; x_wconf 83' lang='lat' dir='ltr'>esse</span> <span class='ocrx_word' id='word_1_156' title='bbox 343 1513 503 1546; x_wconf 83' lang='lat' dir='ltr'>videntur</span> <span class='ocrx_word' id='word_1_157' title='bbox 524 1510 566 1542; x_wconf 86' lang='lat' dir='ltr'><em>ab</em></span> <span class='ocrx_word' id='word_1_158' title='bbox 585 1509 650 1542; x_wconf 83' lang='lat' dir='ltr'>h.l.</span> <span class='ocrx_word' id='word_1_159' title='bbox 679 1516 775 1541; x_wconf 84' lang='lat' dir='ltr'>recte</span> <span class='ocrx_word' id='word_1_160' title='bbox 798 1508 917 1551; x_wconf 82' lang='lat' dir='ltr'>igitur,</span> 
     </span>
     <span class='ocr_line' id='line_1_27' title="bbox 109 1553 919 1602; baseline -0.015 -5"><span class='ocrx_word' id='word_1_161' title='bbox 109 1564 145 1597; x_wconf 87' lang='lat' dir='ltr'><em>ni</em></span> <span class='ocrx_word' id='word_1_162' title='bbox 170 1563 281 1602; x_wconf 78' lang='lat' dir='ltr'>fallor,</span> <span class='ocrx_word' id='word_1_163' title='bbox 309 1558 446 1593; x_wconf 83' lang='lat' dir='ltr'>Homeri</span> <span class='ocrx_word' id='word_1_164' title='bbox 471 1555 591 1598; x_wconf 70' lang='grc' dir='ltr'><em>τήθεα</em></span> <span class='ocrx_word' id='word_1_165' title='bbox 616 1562 729 1588; x_wconf 80' lang='lat' dir='ltr'>ostrea</span> <span class='ocrx_word' id='word_1_166' title='bbox 747 1553 919 1597; x_wconf 85' lang='lat' dir='ltr'>interpre-</span> 
     </span>
     <span class='ocr_line' id='line_1_28' title="bbox 108 1599 918 1647; baseline -0.015 -4"><span class='ocrx_word' id='word_1_167' title='bbox 108 1616 225 1643; x_wconf 79' lang='lat' dir='ltr'>tantur</span> <span class='ocrx_word' id='word_1_168' title='bbox 243 1607 308 1640; x_wconf 87' lang='lat' dir='ltr'>viri</span> <span class='ocrx_word' id='word_1_169' title='bbox 329 1605 434 1645; x_wconf 86' lang='lat' dir='ltr'>docti,</span> <span class='ocrx_word' id='word_1_170' title='bbox 453 1603 487 1635; x_wconf 87' lang='lat' dir='ltr'><em>in</em></span> <span class='ocrx_word' id='word_1_171' title='bbox 507 1602 628 1647; x_wconf 89' lang='lat' dir='ltr'>quibus</span> <span class='ocrx_word' id='word_1_172' title='bbox 650 1601 761 1633; x_wconf 72' lang='lat' dir='ltr'>Feith.</span> <span class='ocrx_word' id='word_1_173' title='bbox 785 1612 817 1644; x_wconf 91' lang='lat' dir='ltr'><em>p.</em></span> <span class='ocrx_word' id='word_1_174' title='bbox 837 1599 918 1633; x_wconf 74' lang='lat'><em>414.</em></span> 
     </span>
     <span class='ocr_line' id='line_1_29' title="bbox 107 1647 916 1701; baseline -0.015 -12"><span class='ocrx_word' id='word_1_175' title='bbox 107 1668 197 1701; x_wconf 89' lang='lat' dir='ltr'>quae</span> <span class='ocrx_word' id='word_1_176' title='bbox 221 1659 334 1687; x_wconf 78' lang='lat' dir='ltr'>tamen</span> <span class='ocrx_word' id='word_1_177' title='bbox 356 1650 502 1695; x_wconf 80' lang='lat' dir='ltr'>pelagia</span> <span class='ocrx_word' id='word_1_178' title='bbox 526 1649 634 1692; x_wconf 80' lang='lat' dir='ltr'>(quae</span> <span class='ocrx_word' id='word_1_179' title='bbox 658 1647 692 1679; x_wconf 87' lang='lat' dir='ltr'><em>in</em></span> <span class='ocrx_word' id='word_1_180' title='bbox 711 1647 780 1679; x_wconf 76' lang='lat' dir='ltr'>a‘to</span> <span class='ocrx_word' id='word_1_181' title='bbox 807 1657 825 1678; x_wconf 89' lang='lat' dir='ltr'>e</span> <span class='ocrx_word' id='word_1_182' title='bbox 842 1657 916 1678; x_wconf 89' lang='lat' dir='ltr'>sco—</span> 
     </span>
     <span class='ocr_line' id='line_1_30' title="bbox 106 1691 916 1747; baseline -0.016 -12"><span class='ocrx_word' id='word_1_183' title='bbox 106 1703 196 1747; x_wconf 85' lang='lat' dir='ltr'>pulis</span> <span class='ocrx_word' id='word_1_184' title='bbox 222 1705 384 1745; x_wconf 83' lang='lat' dir='ltr'>petuntur</span> <span class='ocrx_word' id='word_1_185' title='bbox 415 1704 450 1730; x_wconf 82' lang='lat' dir='ltr'><em>et.</em></span> <span class='ocrx_word' id='word_1_186' title='bbox 475 1695 552 1739; x_wconf 83' lang='lat' dir='ltr'>pala</span> <span class='ocrx_word' id='word_1_187' title='bbox 576 1694 690 1726; x_wconf 85' lang='lat' dir='ltr'>ferrea</span> <span class='ocrx_word' id='word_1_188' title='bbox 716 1692 796 1724; x_wconf 84' lang='lat' dir='ltr'>inde</span> <span class='ocrx_word' id='word_1_189' title='bbox 820 1691 916 1724; x_wconf 78' lang='lat' dir='ltr'>colii-</span> 
     </span>
     <span class='ocr_line' id='line_1_31' title="bbox 106 1739 917 1793; baseline -0.016 -11"><span class='ocrx_word' id='word_1_190' title='bbox 106 1755 238 1793; x_wconf 81' lang='lat' dir='ltr'>guntur</span> <span class='ocrx_word' id='word_1_191' title='bbox 251 1771 260 1786; x_wconf 90' lang='lat'>,</span> <span class='ocrx_word' id='word_1_192' title='bbox 285 1757 349 1788; x_wconf 82' lang='lat' dir='ltr'><em>que</em></span> <span class='ocrx_word' id='word_1_193' title='bbox 369 1744 438 1776; x_wconf 80' lang='lat' dir='ltr'><em>l&#39;on</em></span> <span class='ocrx_word' id='word_1_194' title='bbox 454 1742 576 1784; x_wconf 81' lang='lat' dir='ltr'>pesche</span> <span class='ocrx_word' id='word_1_195' title='bbox 597 1742 619 1772; x_wconf 81' lang='grc' dir='ltr'><em>ὰ</em></span> <span class='ocrx_word' id='word_1_196' title='bbox 648 1741 683 1771; x_wconf 87' lang='lat' dir='ltr'><em>la</em></span> <span class='ocrx_word' id='word_1_197' title='bbox 703 1739 839 1779; x_wconf 63' lang='lat' dir='ltr'><em>‹ir-agae</em></span> <span class='ocrx_word' id='word_1_198' title='bbox 857 1748 917 1770; x_wconf 82' lang='lat' dir='ltr'>sur</span> 
     </span>
     <span class='ocr_line' id='line_1_32' title="bbox 106 1783 915 1830; baseline -0.016 -2"><span class='ocrx_word' id='word_1_199' title='bbox 106 1795 166 1827; x_wconf 85' lang='lat' dir='ltr'><em>des</em></span> <span class='ocrx_word' id='word_1_200' title='bbox 186 1793 333 1826; x_wconf 80' lang='lat' dir='ltr'>rochers.</span> <span class='ocrx_word' id='word_1_201' title='bbox 354 1787 546 1830; x_wconf 83' lang='lat' dir='ltr'>Harduin.)</span> <span class='ocrx_word' id='word_1_202' title='bbox 565 1786 671 1819; x_wconf 89' lang='lat' dir='ltr'>minus</span> <span class='ocrx_word' id='word_1_203' title='bbox 689 1785 812 1829; x_wconf 84' lang='lat' dir='ltr'>probat</span> <span class='ocrx_word' id='word_1_204' title='bbox 827 1783 915 1816; x_wconf 82' lang='lat' dir='ltr'>Plin.</span> 
     </span>
     <span class='ocr_line' id='line_1_33' title="bbox 105 1834 917 1877; baseline -0.016 -3"><span class='ocrx_word' id='word_1_205' title='bbox 105 1841 148 1874; x_wconf 93' lang='lat' dir='ltr'><em>H.</em></span> <span class='ocrx_word' id='word_1_206' title='bbox 178 1840 224 1874; x_wconf 91' lang='lat' dir='ltr'><em>N.</em></span> <span class='ocrx_word' id='word_1_207' title='bbox 255 1839 322 1877; x_wconf 72' lang='lat'><em>32,</em></span> <span class='ocrx_word' id='word_1_208' title='bbox 348 1838 390 1876; x_wconf 87' lang='lat'><em>6,</em></span> <span class='ocrx_word' id='word_1_209' title='bbox 425 1836 482 1869; x_wconf 70' lang='lat'><em>21.</em></span> <span class='ocrx_word' id='word_1_210' title='bbox 516 1844 550 1877; x_wconf 88' lang='lat' dir='ltr'><em>p.</em></span> <span class='ocrx_word' id='word_1_211' title='bbox 574 1834 665 1871; x_wconf 81' lang='lat'>580,</span> <span class='ocrx_word' id='word_1_212' title='bbox 700 1841 809 1875; x_wconf 87' lang='lat' dir='ltr'>parva</span> <span class='ocrx_word' id='word_1_213' title='bbox 841 1840 917 1862; x_wconf 79' lang='lat' dir='ltr'>esse</span> 
     </span>
     <span class='ocr_line' id='line_1_34' title="bbox 105 1875 917 1922; baseline -0.015 -3"><span class='ocrx_word' id='word_1_214' title='bbox 105 1887 225 1920; x_wconf 86' lang='lat' dir='ltr'>dicens</span> <span class='ocrx_word' id='word_1_215' title='bbox 259 1891 294 1916; x_wconf 82' lang='lat' dir='ltr'><em>et,</em></span> <span class='ocrx_word' id='word_1_216' title='bbox 319 1892 409 1916; x_wconf 82' lang='lat' dir='ltr'>rara.</span> <span class='ocrx_word' id='word_1_217' title='bbox 452 1884 561 1912; x_wconf 82' lang='lat' dir='ltr'>totum</span> <span class='ocrx_word' id='word_1_218' title='bbox 596 1888 705 1922; x_wconf 83' lang='lat' dir='ltr'>genus</span> <span class='ocrx_word' id='word_1_219' title='bbox 731 1875 917 1909; x_wconf 83' lang='lat' dir='ltr'>contemnit</span> 
     </span>
     <span class='ocr_line' id='line_1_35' title="bbox 105 1919 918 1968; baseline -0.015 -1"><span class='ocrx_word' id='word_1_220' title='bbox 105 1933 215 1966; x_wconf 89' lang='lat' dir='ltr'>bonus</span> <span class='ocrx_word' id='word_1_221' title='bbox 251 1929 305 1963; x_wconf 88' lang='lat' dir='ltr'><em>vir</em></span> <span class='ocrx_word' id='word_1_222' title='bbox 347 1928 396 1961; x_wconf 86' lang='lat' dir='ltr'><em>E:</em></span> <span class='ocrx_word' id='word_1_223' title='bbox 445 1925 527 1968; x_wconf 84' lang='grc' dir='ltr'><em>περὶ</em></span> <span class='ocrx_word' id='word_1_224' title='bbox 566 1923 606 1958; x_wconf 77' lang='grc' dir='ltr'><em>δὲ</em></span> <span class='ocrx_word' id='word_1_225' title='bbox 648 1922 796 1967; x_wconf 78' lang='grc' dir='ltr'><em>τηθέων</em></span> <span class='ocrx_word' id='word_1_226' title='bbox 834 1919 918 1965; x_wconf 82' lang='grc' dir='ltr'><em>ἤτοι</em></span> 
     </span>
     <span class='ocr_line' id='line_1_36' title="bbox 106 1969 916 2021; baseline -0.017 -7"><span class='ocrx_word' id='word_1_227' title='bbox 106 1977 282 2021; x_wconf 79' lang='grc' dir='ltr'><em>ὀστρείων</em></span> <span class='ocrx_word' id='word_1_228' title='bbox 319 1975 470 2019; x_wconf 81' lang='grc' dir='ltr'><em>φέρεται</em></span> <span class='ocrx_word' id='word_1_229' title='bbox 500 1969 601 2014; x_wconf 74' lang='grc' dir='ltr'><em>παρὰ</em></span> <span class='ocrx_word' id='word_1_230' title='bbox 633 1972 712 2009; x_wconf 85' lang='grc' dir='ltr'><em>τοῖς</em></span> <span class='ocrx_word' id='word_1_231' title='bbox 742 1970 916 2008; x_wconf 73' lang='grc' dir='ltr'><em>παλαιοῖς</em></span> 
     </span>
     <span class='ocr_line' id='line_1_37' title="bbox 105 2013 914 2062; baseline -0.016 -2"><span class='ocrx_word' id='word_1_232' title='bbox 105 2025 169 2060; x_wconf 83' lang='grc' dir='ltr'><em>καὶ</em></span> <span class='ocrx_word' id='word_1_233' title='bbox 192 2025 322 2058; x_wconf 81' lang='grc' dir='ltr'><em>ταῦτα.</em></span> <span class='ocrx_word' id='word_1_234' title='bbox 361 2017 406 2055; x_wconf 89' lang='grc' dir='ltr'><em>ου’</em></span> <span class='ocrx_word' id='word_1_235' title='bbox 431 2016 548 2062; x_wconf 89' lang='grc' dir='ltr'><em>μόνον</em></span> <span class='ocrx_word' id='word_1_236' title='bbox 575 2013 723 2060; x_wconf 85' lang='grc' dir='ltr'><em>ἰχθύσιν</em></span> <span class='ocrx_word' id='word_1_237' title='bbox 754 2015 914 2059; x_wconf 82' lang='grc' dir='ltr'><em>ἐχρῶντο</em></span> 
     </span>
     <span class='ocr_line' id='line_1_38' title="bbox 107 2061 916 2108; baseline -0.016 -2"><span class='ocrx_word' id='word_1_238' title='bbox 107 2072 142 2106; x_wconf 77' lang='grc' dir='ltr'><em>οἱ</em></span> <span class='ocrx_word' id='word_1_239' title='bbox 166 2070 341 2108; x_wconf 78' lang='grc' dir='ltr'><em>παλαιοὶ,</em></span> <span class='ocrx_word' id='word_1_240' title='bbox 367 2064 457 2100; x_wconf 72' lang='grc' dir='ltr'><em>ἀλλὰ</em></span> <span class='ocrx_word' id='word_1_241' title='bbox 482 2064 544 2098; x_wconf 84' lang='grc' dir='ltr'><em>καὶ</em></span> <span class='ocrx_word' id='word_1_242' title='bbox 569 2061 769 2106; x_wconf 82' lang='grc' dir='ltr'><em>ὀστρείοις,</em></span> <span class='ocrx_word' id='word_1_243' title='bbox 794 2062 916 2095; x_wconf 87' lang='grc' dir='ltr'><em>καίτοι</em></span> 
     </span>
     <span class='ocr_line' id='line_1_39' title="bbox 105 2105 916 2162; baseline -0.015 -10"><span class='ocrx_word' id='word_1_244' title='bbox 105 2120 172 2162; x_wconf 86' lang='grc' dir='ltr'><em>τῆς</em></span> <span class='ocrx_word' id='word_1_245' title='bbox 203 2114 346 2151; x_wconf 82' lang='grc' dir='ltr'><em>τούτων</em></span> <span class='ocrx_word' id='word_1_246' title='bbox 383 2111 526 2154; x_wconf 69' lang='grc' dir='ltr'><em>ἐδωδῆς</em></span> <span class='ocrx_word' id='word_1_247' title='bbox 559 2107 603 2144; x_wconf 80' lang='grc' dir='ltr'><em>οὐ</em></span> <span class='ocrx_word' id='word_1_248' title='bbox 634 2106 727 2143; x_wconf 77' lang='grc' dir='ltr'><em>πολὺ</em></span> <span class='ocrx_word' id='word_1_249' title='bbox 763 2105 916 2151; x_wconf 78' lang='grc' dir='ltr'><em>ἐχούσης</em></span> 
     </span>
     <span class='ocr_line' id='line_1_40' title="bbox 105 2154 916 2204; baseline -0.018 -4"><span class='ocrx_word' id='word_1_250' title='bbox 105 2166 149 2200; x_wconf 86' lang='grc' dir='ltr'><em>τὸ</em></span> <span class='ocrx_word' id='word_1_251' title='bbox 174 2161 362 2204; x_wconf 72' lang='grc' dir='ltr'><em>ὠφέλιμον</em></span> <span class='ocrx_word' id='word_1_252' title='bbox 386 2159 448 2193; x_wconf 84' lang='grc' dir='ltr'><em>καὶ</em></span> <span class='ocrx_word' id='word_1_253' title='bbox 475 2154 555 2200; x_wconf 80' lang='grc' dir='ltr'><em>ἡδύ.</em></span> <span class='ocrx_word' id='word_1_254' title='bbox 593 2155 653 2188; x_wconf 79' lang='lat' dir='ltr'><em>sed</em></span> <span class='ocrx_word' id='word_1_255' title='bbox 679 2156 765 2188; x_wconf 85' lang='lat' dir='ltr'>haec</span> <span class='ocrx_word' id='word_1_256' title='bbox 797 2155 916 2186; x_wconf 87' lang='lat' dir='ltr'>hacte-</span> 
     </span>
     <span class='ocr_line' id='line_1_41' title="bbox 106 2198 914 2245; baseline -0.017 0"><span class='ocrx_word' id='word_1_257' title='bbox 106 2222 179 2245; x_wconf 88' lang='lat' dir='ltr'>nus.</span> <span class='ocrx_word' id='word_1_258' title='bbox 219 2210 255 2242; x_wconf 87' lang='lat' dir='ltr'><em>id</em></span> <span class='ocrx_word' id='word_1_259' title='bbox 291 2212 424 2241; x_wconf 80' lang='lat' dir='ltr'>tantum</span> <span class='ocrx_word' id='word_1_260' title='bbox 461 2204 605 2243; x_wconf 85' lang='lat' dir='ltr'>addam,</span> <span class='ocrx_word' id='word_1_261' title='bbox 648 2203 711 2234; x_wconf 89' lang='lat' dir='ltr'><em>hoc</em></span> <span class='ocrx_word' id='word_1_262' title='bbox 750 2204 825 2234; x_wconf 81' lang='lat' dir='ltr'>loco</span> <span class='ocrx_word' id='word_1_263' title='bbox 861 2198 914 2231; x_wconf 83' lang='lat' dir='ltr'>uti</span> 
     </span>
     <span class='ocr_line' id='line_1_42' title="bbox 105 2244 914 2294; baseline -0.017 -3"><span class='ocrx_word' id='word_1_264' title='bbox 105 2257 333 2291; x_wconf 80' lang='lat' dir='ltr'>Scholiastam</span> <span class='ocrx_word' id='word_1_265' title='bbox 353 2253 438 2285; x_wconf 85' lang='lat' dir='ltr'>Ven.</span> <span class='ocrx_word' id='word_1_266' title='bbox 462 2247 555 2294; x_wconf 83' lang='grc' dir='ltr'><em>πρὸς</em></span> <span class='ocrx_word' id='word_1_267' title='bbox 575 2244 664 2287; x_wconf 83' lang='grc' dir='ltr'><em>τούς</em></span> <span class='ocrx_word' id='word_1_268' title='bbox 681 2248 914 2291; x_wconf 79' lang='grc' dir='ltr'><em>χωρίζοντας,</em></span> 
     </span>
     <span class='ocr_line' id='line_1_43' title="bbox 106 2292 914 2340; baseline -0.019 -2"><span class='ocrx_word' id='word_1_269' title='bbox 106 2304 141 2338; x_wconf 91' lang='lat' dir='ltr'><em>h.</em></span> <span class='ocrx_word' id='word_1_270' title='bbox 162 2315 192 2336; x_wconf 86' lang='lat' dir='ltr'><em>e.</em></span> <span class='ocrx_word' id='word_1_271' title='bbox 217 2301 382 2335; x_wconf 78' lang='lat' dir='ltr'>adversus</span> <span class='ocrx_word' id='word_1_272' title='bbox 406 2308 487 2338; x_wconf 80' lang='lat' dir='ltr'>eos,</span> <span class='ocrx_word' id='word_1_273' title='bbox 512 2294 572 2340; x_wconf 87' lang='lat' dir='ltr'><em>qui</em></span> <span class='ocrx_word' id='word_1_274' title='bbox 590 2294 717 2327; x_wconf 81' lang='lat' dir='ltr'>Iliados</span> <span class='ocrx_word' id='word_1_275' title='bbox 742 2300 777 2326; x_wconf 85' lang='lat' dir='ltr'><em>et</em></span> <span class='ocrx_word' id='word_1_276' title='bbox 797 2292 914 2334; x_wconf 70' lang='lat' dir='ltr'>odys-</span> 
     </span>
     <span class='ocr_line' id='line_1_44' title="bbox 104 2339 910 2383; baseline -0.017 0"><span class='ocrx_word' id='word_1_277' title='bbox 104 2361 185 2383; x_wconf 81' lang='lat' dir='ltr'>seae</span> <span class='ocrx_word' id='word_1_278' title='bbox 210 2348 366 2381; x_wconf 76' lang='lat' dir='ltr'>diversos</span> <span class='ocrx_word' id='word_1_279' title='bbox 392 2355 467 2376; x_wconf 84' lang='lat' dir='ltr'>csse</span> <span class='ocrx_word' id='word_1_280' title='bbox 488 2347 645 2375; x_wconf 81' lang='lat' dir='ltr'>auctores</span> <span class='ocrx_word' id='word_1_281' title='bbox 665 2339 910 2373; x_wconf 83' lang='lat' dir='ltr'>existimarent.</span> 
     </span>
     <span class='ocr_line' id='line_1_45' title="bbox 106 2382 915 2440; baseline -0.017 -10"><span class='ocrx_word' id='word_1_282' title='bbox 106 2394 198 2440; x_wconf 86' lang='grc' dir='ltr'><em>φασὶ</em></span> <span class='ocrx_word' id='word_1_283' title='bbox 230 2391 320 2436; x_wconf 82' lang='grc' dir='ltr'><em>γὰρ,</em></span> <span class='ocrx_word' id='word_1_284' title='bbox 351 2390 485 2433; x_wconf 83' lang='lat' dir='ltr'>inquit,</span> <span class='ocrx_word' id='word_1_285' title='bbox 524 2385 581 2423; x_wconf 80' lang='grc' dir='ltr'><em>ὅτι</em></span> <span class='ocrx_word' id='word_1_286' title='bbox 614 2385 633 2421; x_wconf 87' lang='grc' dir='ltr'>ὀ</span> <span class='ocrx_word' id='word_1_287' title='bbox 666 2388 730 2428; x_wconf 87' lang='grc' dir='ltr'><em>τῆς</em></span> <span class='ocrx_word' id='word_1_288' title='bbox 760 2382 915 2422; x_wconf 78' lang='grc' dir='ltr'><em>Ἰλιάδος</em></span> 
     </span>
     <span class='ocr_line' id='line_1_46' title="bbox 103 2430 913 2485; baseline -0.02 -8"><span class='ocrx_word' id='word_1_289' title='bbox 103 2439 261 2485; x_wconf 79' lang='grc' dir='ltr'><em>ποιητὴς</em></span> <span class='ocrx_word' id='word_1_290' title='bbox 281 2434 326 2473; x_wconf 89' lang='grc' dir='ltr'><em>ου’</em></span> <span class='ocrx_word' id='word_1_291' title='bbox 345 2433 556 2478; x_wconf 74' lang='grc' dir='ltr'><em>παρεισάγει</em></span> <span class='ocrx_word' id='word_1_292' title='bbox 571 2431 659 2471; x_wconf 73' lang='grc' dir='ltr'><em>τούς</em></span> <span class='ocrx_word' id='word_1_293' title='bbox 681 2430 804 2475; x_wconf 82' lang='grc' dir='ltr'><em>ἥρωας</em></span> <span class='ocrx_word' id='word_1_294' title='bbox 822 2443 913 2474; x_wconf 82' lang='grc' dir='ltr'><em>χρω-</em></span> 
     </span>
     <span class='ocr_line' id='line_1_47' title="bbox 103 2477 914 2531; baseline -0.017 -8"><span class='ocrx_word' id='word_1_295' title='bbox 103 2490 237 2531; x_wconf 74' lang='grc' dir='ltr'><em>μένους</em></span> <span class='ocrx_word' id='word_1_296' title='bbox 269 2482 442 2528; x_wconf 82' lang='grc' dir='ltr'><em>ἰχθύσιν,</em></span> <span class='ocrx_word' id='word_1_297' title='bbox 476 2478 495 2515; x_wconf 85' lang='grc' dir='ltr'><strong><em>ὁ</em></strong></span> <span class='ocrx_word' id='word_1_298' title='bbox 531 2477 570 2514; x_wconf 74' lang='grc' dir='ltr'><em>δὲ</em></span> <span class='ocrx_word' id='word_1_299' title='bbox 602 2479 668 2523; x_wconf 85' lang='grc' dir='ltr'><em>τῆς</em></span> <span class='ocrx_word' id='word_1_300' title='bbox 690 2477 914 2516; x_wconf 76' lang='grc' dir='ltr'><em>Ὀδυσσείας.</em></span> 
     </span>
     <span class='ocr_line' id='line_1_48' title="bbox 102 2525 912 2575; baseline -0.017 -7"><span class='ocrx_word' id='word_1_301' title='bbox 102 2535 175 2569; x_wconf 85' lang='lat' dir='ltr'>scil.</span> <span class='ocrx_word' id='word_1_302' title='bbox 208 2533 337 2575; x_wconf 84' lang='lat' dir='ltr'>odyss.</span> <span class='ocrx_word' id='word_1_303' title='bbox 374 2526 430 2571; x_wconf 86' lang='grc' dir='ltr'><em>μ’,</em></span> <span class='ocrx_word' id='word_1_304' title='bbox 456 2526 666 2562; x_wconf 74' lang='grc'><em>330-332.</em></span> <span class='ocrx_word' id='word_1_305' title='bbox 699 2525 821 2569; x_wconf 81' lang='lat' dir='ltr'>quibus</span> <span class='ocrx_word' id='word_1_306' title='bbox 857 2534 912 2555; x_wconf 89' lang='lat' dir='ltr'>re-</span> 
     </span>
     <span class='ocr_line' id='line_1_49' title="bbox 102 2570 910 2626; baseline -0.019 -11"><span class='ocrx_word' id='word_1_307' title='bbox 102 2580 250 2626; x_wconf 83' lang='lat' dir='ltr'><strong>spondet</strong></span> <span class='ocrx_word' id='word_1_308' title='bbox 283 2575 420 2614; x_wconf 62' lang='lat' dir='ltr'>schol„</span> <span class='ocrx_word' id='word_1_309' title='bbox 454 2572 511 2617; x_wconf 84' lang='lat' dir='ltr'>qui</span> <span class='ocrx_word' id='word_1_310' title='bbox 544 2571 669 2605; x_wconf 85' lang='lat' dir='ltr'>ostreis</span> <span class='ocrx_word' id='word_1_311' title='bbox 704 2570 796 2603; x_wconf 87' lang='lat' dir='ltr'>vesci</span> <span class='ocrx_word' id='word_1_312' title='bbox 830 2580 910 2601; x_wconf 91' lang='lat' dir='ltr'>con-</span> 
     </span>
     <span class='ocr_line' id='line_1_50' title="bbox 102 2615 909 2665; baseline -0.02 -3"><span class='ocrx_word' id='word_1_313' title='bbox 102 2626 299 2665; x_wconf 81' lang='lat' dir='ltr'>sueverint,</span> <span class='ocrx_word' id='word_1_314' title='bbox 324 2632 383 2656; x_wconf 85' lang='lat' dir='ltr'><em>eos</em></span> <span class='ocrx_word' id='word_1_315' title='bbox 409 2624 443 2652; x_wconf 83' lang='lat' dir='ltr'><em>et</em></span> <span class='ocrx_word' id='word_1_316' title='bbox 469 2617 611 2663; x_wconf 78' lang='lat' dir='ltr'>piscium</span> <span class='ocrx_word' id='word_1_317' title='bbox 636 2628 727 2650; x_wconf 86' lang='lat' dir='ltr'>esum</span> <span class='ocrx_word' id='word_1_318' title='bbox 753 2615 909 2654; x_wconf 77' lang='lat' dir='ltr'>novisse3</span> 
     </span>
     <span class='ocr_line' id='line_1_51' title="bbox 103 2661 911 2718; baseline -0.019 -12"><span class='ocrx_word' id='word_1_319' title='bbox 103 2685 201 2718; x_wconf 87' lang='lat' dir='ltr'>quem</span> <span class='ocrx_word' id='word_1_320' title='bbox 222 2678 336 2706; x_wconf 79' lang='lat' dir='ltr'>tamen</span> <span class='ocrx_word' id='word_1_321' title='bbox 355 2677 469 2706; x_wconf 86' lang='lat' dir='ltr'>esum,</span> <span class='ocrx_word' id='word_1_322' title='bbox 493 2671 612 2707; x_wconf 82' lang='lat' dir='ltr'><strong>utpote</strong></span> <span class='ocrx_word' id='word_1_323' title='bbox 631 2674 701 2695; x_wconf 84' lang='lat' dir='ltr'>rem</span> <span class='ocrx_word' id='word_1_324' title='bbox 722 2661 819 2705; x_wconf 85' lang='lat' dir='ltr'>parvi</span> <span class='ocrx_word' id='word_1_325' title='bbox 840 2672 911 2693; x_wconf 88' lang='lat' dir='ltr'><em>mo-</em></span> 
     </span>
     <span class='ocr_line' id='line_1_52' title="bbox 102 2710 910 2759; baseline -0.02 -5"><span class='ocrx_word' id='word_1_326' title='bbox 102 2719 226 2759; x_wconf 85' lang='lat' dir='ltr'>menti,</span> <span class='ocrx_word' id='word_1_327' title='bbox 258 2727 324 2750; x_wconf 91' lang='lat' dir='ltr'><em>non</em></span> <span class='ocrx_word' id='word_1_328' title='bbox 356 2712 462 2756; x_wconf 79' lang='lat' dir='ltr'>magis</span> <span class='ocrx_word' id='word_1_329' title='bbox 494 2710 677 2744; x_wconf 82' lang='lat' dir='ltr'>Homerum</span> <span class='ocrx_word' id='word_1_330' title='bbox 712 2717 910 2741; x_wconf 85' lang='lat' dir='ltr'>commemo-</span> 
     </span>
     <span class='ocr_line' id='line_1_53' title="bbox 104 2753 910 2808; baseline -0.019 -9"><span class='ocrx_word' id='word_1_331' title='bbox 104 2776 182 2798; x_wconf 83' lang='lat' dir='ltr'>rare</span> <span class='ocrx_word' id='word_1_332' title='bbox 206 2775 307 2808; x_wconf 88' lang='lat' dir='ltr'>quam</span> <span class='ocrx_word' id='word_1_333' title='bbox 331 2758 444 2793; x_wconf 88' lang='lat' dir='ltr'>avium</span> <span class='ocrx_word' id='word_1_334' title='bbox 480 2762 515 2790; x_wconf 88' lang='lat' dir='ltr'><em>et</em></span> <span class='ocrx_word' id='word_1_335' title='bbox 539 2756 690 2795; x_wconf 80' lang='lat' dir='ltr'>olerum,</span> <span class='ocrx_word' id='word_1_336' title='bbox 725 2753 849 2797; x_wconf 81' lang='lat' dir='ltr'>quibus</span> <span class='ocrx_word' id='word_1_337' title='bbox 875 2755 910 2785; x_wconf 85' lang='lat' dir='ltr'><em>et</em></span> 
     </span>
     <span class='ocr_line' id='line_1_54' title="bbox 102 2798 908 2855; baseline -0.017 -10"><span class='ocrx_word' id='word_1_338' title='bbox 102 2811 187 2855; x_wconf 88' lang='lat' dir='ltr'>ipsis</span> <span class='ocrx_word' id='word_1_339' title='bbox 211 2821 270 2843; x_wconf 85' lang='lat' dir='ltr'><em>eos</em></span> <span class='ocrx_word' id='word_1_340' title='bbox 295 2808 420 2842; x_wconf 78' lang='lat' dir='ltr'>victum</span> <span class='ocrx_word' id='word_1_341' title='bbox 439 2802 606 2836; x_wconf 74' lang='lat' dir='ltr'>tolerasse</span> <span class='ocrx_word' id='word_1_342' title='bbox 631 2801 743 2834; x_wconf 81' lang='lat' dir='ltr'>nunus</span> <span class='ocrx_word' id='word_1_343' title='bbox 762 2798 908 2832; x_wconf 84' lang='lat' dir='ltr'>dubitat.</span> 
     </span>
     <span class='ocr_line' id='line_1_55' title="bbox 103 2845 907 2898; baseline -0.016 -9"><span class='ocrx_word' id='word_1_344' title='bbox 103 2857 149 2891; x_wconf 75' lang='lat' dir='ltr'><em>cf.</em></span> <span class='ocrx_word' id='word_1_345' title='bbox 177 2856 288 2889; x_wconf 83' lang='lat' dir='ltr'>Feith.</span> <span class='ocrx_word' id='word_1_346' title='bbox 316 2865 350 2898; x_wconf 91' lang='lat' dir='ltr'><em>p.</em></span> <span class='ocrx_word' id='word_1_347' title='bbox 373 2852 454 2892; x_wconf 76' lang='lat'>272,</span> <span class='ocrx_word' id='word_1_348' title='bbox 478 2850 558 2884; x_wconf 77' lang='lat'>273.</span> <span class='ocrx_word' id='word_1_349' title='bbox 583 2867 623 2872; x_wconf 93' lang='lat'>—</span> <span class='ocrx_word' id='word_1_350' title='bbox 649 2857 782 2879; x_wconf 80' lang='lat' dir='ltr'>rursum</span> <span class='ocrx_word' id='word_1_351' title='bbox 805 2845 907 2877; x_wconf 59' lang='lat' dir='ltr'>Scin:</span> 
     </span>
     <span class='ocr_line' id='line_1_56' title="bbox 104 2891 911 2945; baseline -0.02 -7"><span class='ocrx_word' id='word_1_352' title='bbox 104 2902 274 2944; x_wconf 80' lang='grc' dir='ltr'><em>διφῶν.</em></span> <span class='ocrx_word' id='word_1_353' title='bbox 299 2897 428 2945; x_wconf 78' lang='grc' dir='ltr'><em>ζητῶν,</em></span> <span class='ocrx_word' id='word_1_354' title='bbox 453 2894 622 2939; x_wconf 81' lang='grc' dir='ltr'><em>ἐρευνῶν.</em></span> <span class='ocrx_word' id='word_1_355' title='bbox 651 2893 756 2937; x_wconf 45' lang='lat' dir='ltr'><em>(Apa</em></span> <span class='ocrx_word' id='word_1_356' title='bbox 782 2891 911 2945; x_wconf 39' lang='lat' dir='ltr'><em>Bcoeglvx,</em></span> 
     </span>
     <span class='ocr_line' id='line_1_57' title="bbox 102 2939 909 2994; baseline -0.017 -10"><span class='ocrx_word' id='word_1_357' title='bbox 102 2948 297 2994; x_wconf 73' lang='grc' dir='ltr'><em>ψηλαφᾴν.</em></span> <span class='ocrx_word' id='word_1_358' title='bbox 329 2942 474 2980; x_wconf 81' lang='lat' dir='ltr'>Hesiod.</span> <span class='ocrx_word' id='word_1_359' title='bbox 500 2941 545 2974; x_wconf 88' lang='grc' dir='ltr'><em>Ο.</em></span> <span class='ocrx_word' id='word_1_360' title='bbox 570 2945 606 2974; x_wconf 87' lang='lat' dir='ltr'><em>et</em></span> <span class='ocrx_word' id='word_1_361' title='bbox 630 2939 671 2972; x_wconf 91' lang='lat' dir='ltr'><em>D.</em></span> <span class='ocrx_word' id='word_1_362' title='bbox 698 2940 785 2973; x_wconf 84' lang='lat'><strong>373:</strong></span> <span class='ocrx_word' id='word_1_363' title='bbox 816 2939 909 2980; x_wconf 86' lang='grc' dir='ltr'><em>μηδε</em></span> 
     </span>
    </p>
   </div>
   <div class='ocr_carea' id='block_1_7' title="bbox 332 2991 340 3001">
    <p class='ocr_par' dir='ltr' id='par_1_7' title="bbox 332 2991 340 3001">
     <span class='ocr_line' id='line_1_58' title="bbox 332 2991 340 3001; baseline 0 0"><span class='ocrx_word' id='word_1_364' title='bbox 332 2991 340 3001; x_wconf 83' lang='grc' dir='ltr'><em>ι</em></span> 
     </span>
    </p>
   </div>
   <div class='ocr_carea' id='block_1_8' title="bbox 103 2982 911 3040">
    <p class='ocr_par' dir='ltr' id='par_1_8' title="bbox 103 2982 911 3040">
     <span class='ocr_line' id='line_1_59' title="bbox 103 2982 911 3040; baseline -0.019 -9"><span class='ocrx_word' id='word_1_365' title='bbox 103 3007 196 3040; x_wconf 69' lang='grc' dir='ltr'><em>γυνη</em></span> <span class='ocrx_word' id='word_1_366' title='bbox 229 3005 268 3029; x_wconf 73' lang='grc' dir='ltr'><em>σε</em></span> <span class='ocrx_word' id='word_1_367' title='bbox 299 3002 388 3029; x_wconf 84' lang='grc' dir='ltr'><em>νοον</em></span> <span class='ocrx_word' id='word_1_368' title='bbox 420 2984 649 3034; x_wconf 78' lang='grc' dir='ltr'><em>πυγοστόλος</em></span> <span class='ocrx_word' id='word_1_369' title='bbox 680 2982 911 3031; x_wconf 76' lang='grc' dir='ltr'><em>ἐξαπατάτω,</em></span> 
     </span>
    </p>
   </div>
   <div class='ocr_carea' id='block_1_9' title="bbox 961 861 1781 2062">
    <p class='ocr_par' dir='ltr' id='par_1_9' title="bbox 961 861 1781 2062">
     <span class='ocr_line' id='line_1_60' title="bbox 973 861 1778 906; baseline -0.002 -9"><span class='ocrx_word' id='word_1_370' title='bbox 973 863 1116 906; x_wconf 82' lang='grc' dir='ltr'><em>Αἱμύλα</em></span> <span class='ocrx_word' id='word_1_371' title='bbox 1147 864 1394 904; x_wconf 72' lang='grc' dir='ltr'><em>κωτίλλουσα,</em></span> <span class='ocrx_word' id='word_1_372' title='bbox 1424 861 1510 904; x_wconf 73' lang='grc' dir='ltr'><em>τεὴν</em></span> <span class='ocrx_word' id='word_1_373' title='bbox 1542 862 1691 905; x_wconf 83' lang='grc' dir='ltr'><em>διφῶσα</em></span> <span class='ocrx_word' id='word_1_374' title='bbox 1713 875 1778 895; x_wconf 85' lang='grc' dir='ltr'><em>κα-</em></span> 
     </span>
     <span class='ocr_line' id='line_1_61' title="bbox 972 908 1780 954; baseline -0.002 -10"><span class='ocrx_word' id='word_1_375' title='bbox 972 910 1072 954; x_wconf 80' lang='grc' dir='ltr'><em>λιήν,</em></span> <span class='ocrx_word' id='word_1_376' title='bbox 1099 911 1156 943; x_wconf 93' lang='lat' dir='ltr'><em>ubi</em></span> <span class='ocrx_word' id='word_1_377' title='bbox 1181 911 1369 952; x_wconf 78' lang='lat' dir='ltr'>glossator:</span> <span class='ocrx_word' id='word_1_378' title='bbox 1400 910 1559 952; x_wconf 85' lang='grc' dir='ltr'><em>διφῶσα,</em></span> <span class='ocrx_word' id='word_1_379' title='bbox 1584 908 1780 951; x_wconf 79' lang='grc' dir='ltr'><em>ἐρευνῶσα.</em></span> 
     </span>
     <span class='ocr_line' id='line_1_62' title="bbox 971 956 1781 999; baseline -0.004 -9"><span class='ocrx_word' id='word_1_380' title='bbox 971 975 1016 980; x_wconf 90' lang='lat'>—</span> <span class='ocrx_word' id='word_1_381' title='bbox 1051 956 1094 991; x_wconf 85' lang='grc' dir='ltr'><em>εἰ</em></span> <span class='ocrx_word' id='word_1_382' title='bbox 1115 957 1191 990; x_wconf 87' lang='grc' dir='ltr'><em>καὶ</em></span> <span class='ocrx_word' id='word_1_383' title='bbox 1216 957 1351 990; x_wconf 85' lang='grc' dir='ltr'><em>δυσπ.</em></span> <span class='ocrx_word' id='word_1_384' title='bbox 1385 956 1480 999; x_wconf 83' lang='grc' dir='ltr'><em>εἴη,</em></span> <span class='ocrx_word' id='word_1_385' title='bbox 1516 956 1671 998; x_wconf 74' lang='lat' dir='ltr'>quamvis</span> <span class='ocrx_word' id='word_1_386' title='bbox 1705 960 1781 988; x_wconf 87' lang='lat' dir='ltr'>tur-</span> 
     </span>
     <span class='ocr_line' id='line_1_63' title="bbox 970 1000 1781 1045; baseline -0.004 -10"><span class='ocrx_word' id='word_1_387' title='bbox 970 1003 1049 1036; x_wconf 80' lang='lat' dir='ltr'><em>bato</em></span> <span class='ocrx_word' id='word_1_388' title='bbox 1074 1004 1181 1037; x_wconf 77' lang='lat' dir='ltr'>mari,</span> <span class='ocrx_word' id='word_1_389' title='bbox 1207 1013 1278 1035; x_wconf 90' lang='lat' dir='ltr'><em>cum</em></span> <span class='ocrx_word' id='word_1_390' title='bbox 1305 1001 1457 1035; x_wconf 85' lang='lat' dir='ltr'>difficilis</span> <span class='ocrx_word' id='word_1_391' title='bbox 1480 1007 1534 1034; x_wconf 79' lang='lat' dir='ltr'><em>est</em></span> <span class='ocrx_word' id='word_1_392' title='bbox 1558 1006 1702 1045; x_wconf 87' lang='lat' dir='ltr'>captura</span> <span class='ocrx_word' id='word_1_393' title='bbox 1727 1000 1781 1044; x_wconf 89' lang='lat' dir='ltr'><em>pi-</em></span> 
     </span>
     <span class='ocr_line' id='line_1_64' title="bbox 969 1046 1778 1092; baseline -0.002 -12"><span class='ocrx_word' id='word_1_394' title='bbox 969 1049 1095 1088; x_wconf 83' lang='lat' dir='ltr'>scium3</span> <span class='ocrx_word' id='word_1_395' title='bbox 1126 1048 1182 1080; x_wconf 88' lang='lat' dir='ltr'>ille</span> <span class='ocrx_word' id='word_1_396' title='bbox 1207 1055 1320 1081; x_wconf 81' lang='lat' dir='ltr'>tamen</span> <span class='ocrx_word' id='word_1_397' title='bbox 1347 1059 1407 1092; x_wconf 90' lang='lat' dir='ltr'>pro</span> <span class='ocrx_word' id='word_1_398' title='bbox 1433 1047 1589 1091; x_wconf 76' lang='lat' dir='ltr'>agiiitate</span> <span class='ocrx_word' id='word_1_399' title='bbox 1606 1058 1669 1079; x_wconf 82' lang='lat' dir='ltr'><em>sua</em></span> <span class='ocrx_word' id='word_1_400' title='bbox 1693 1046 1778 1078; x_wconf 84' lang='lat' dir='ltr'>mul-</span> 
     </span>
     <span class='ocr_line' id='line_1_65' title="bbox 969 1091 1779 1138; baseline -0.001 -12"><span class='ocrx_word' id='word_1_401' title='bbox 969 1100 1022 1127; x_wconf 85' lang='lat' dir='ltr'><em>tos</em></span> <span class='ocrx_word' id='word_1_402' title='bbox 1055 1096 1224 1138; x_wconf 82' lang='lat' dir='ltr'>caperet.)</span> <span class='ocrx_word' id='word_1_403' title='bbox 1271 1093 1614 1137; x_wconf 77' lang='grc' dir='ltr'><em>δυσπέμφελος.</em></span> <span class='ocrx_word' id='word_1_404' title='bbox 1663 1091 1779 1126; x_wconf 78' lang='grc' dir='ltr'><em>δυσά-</em></span> 
     </span>
     <span class='ocr_line' id='line_1_66' title="bbox 968 1135 1779 1184; baseline -0.004 -10"><span class='ocrx_word' id='word_1_405' title='bbox 968 1152 1102 1181; x_wconf 80' lang='grc' dir='ltr'><em>ρεστος,</em></span> <span class='ocrx_word' id='word_1_406' title='bbox 1121 1142 1349 1183; x_wconf 80' lang='grc' dir='ltr'><em>δυσκίνητος.</em></span> <span class='ocrx_word' id='word_1_407' title='bbox 1375 1136 1410 1184; x_wconf 74' lang='grc' dir='ltr'><em>ἦ,</em></span> <span class='ocrx_word' id='word_1_408' title='bbox 1431 1135 1662 1179; x_wconf 79' lang='grc' dir='ltr'><em>ὦςἩσίοδός</em></span> <span class='ocrx_word' id='word_1_409' title='bbox 1676 1150 1779 1181; x_wconf 85' lang='grc' dir='ltr'><em>φησι,</em></span> 
     </span>
     <span class='ocr_line' id='line_1_67' title="bbox 968 1183 1778 1231; baseline -0.004 -11"><span class='ocrx_word' id='word_1_410' title='bbox 968 1190 1213 1228; x_wconf 70' lang='grc' dir='ltr'><em>δυσχείμερος.</em></span> <span class='ocrx_word' id='word_1_411' title='bbox 1250 1190 1302 1231; x_wconf 75' lang='lat' dir='ltr'><em>Ap</em></span> <span class='ocrx_word' id='word_1_412' title='bbox 1333 1197 1488 1230; x_wconf 80' lang='lat' dir='ltr'>quoque:</span> <span class='ocrx_word' id='word_1_413' title='bbox 1512 1183 1778 1227; x_wconf 75' lang='grc' dir='ltr'><em>δυσπέμφελος,</em></span> 
     </span>
     <span class='ocr_line' id='line_1_68' title="bbox 968 1230 1778 1275; baseline -0.005 -8"><span class='ocrx_word' id='word_1_414' title='bbox 968 1231 1201 1275; x_wconf 80' lang='grc' dir='ltr'><em>δυσάρεστος.</em></span> <span class='ocrx_word' id='word_1_415' title='bbox 1253 1233 1371 1266; x_wconf 64' lang='lat' dir='ltr'>retutit</span> <span class='ocrx_word' id='word_1_416' title='bbox 1406 1232 1547 1264; x_wconf 87' lang='lat' dir='ltr'>verbum</span> <span class='ocrx_word' id='word_1_417' title='bbox 1588 1232 1696 1265; x_wconf 82' lang='grc' dir='ltr'><em>δυσπ.</em></span> <span class='ocrx_word' id='word_1_418' title='bbox 1733 1230 1778 1263; x_wconf 91' lang='lat' dir='ltr'><em>ad</em></span> 
     </span>
     <span class='ocr_line' id='line_1_69' title="bbox 969 1275 1777 1322; baseline -0.001 -10"><span class='ocrx_word' id='word_1_419' title='bbox 969 1275 1063 1322; x_wconf 76' lang='grc' dir='ltr'><em>άνήρ</em></span> <span class='ocrx_word' id='word_1_420' title='bbox 1089 1276 1169 1315; x_wconf 79' lang='grc' dir='ltr'><em>ὅδε,</em></span> <span class='ocrx_word' id='word_1_421' title='bbox 1205 1290 1279 1311; x_wconf 88' lang='lat' dir='ltr'>curn</span> <span class='ocrx_word' id='word_1_422' title='bbox 1314 1277 1557 1321; x_wconf 70' lang='lat' dir='ltr'>intelligendus</span> <span class='ocrx_word' id='word_1_423' title='bbox 1587 1277 1633 1310; x_wconf 86' lang='lat' dir='ltr'><em>sit</em></span> <span class='ocrx_word' id='word_1_424' title='bbox 1667 1278 1777 1312; x_wconf 82' lang='grc' dir='ltr'><em>δυσπ.</em></span> 
     </span>
     <span class='ocr_line' id='line_1_70' title="bbox 967 1321 1777 1367; baseline -0.002 -9"><span class='ocrx_word' id='word_1_425' title='bbox 967 1323 1112 1364; x_wconf 88' lang='grc' dir='ltr'><em>πόντος.</em></span> <span class='ocrx_word' id='word_1_426' title='bbox 1148 1325 1316 1367; x_wconf 81' lang='lat' dir='ltr'>Hesych.:</span> <span class='ocrx_word' id='word_1_427' title='bbox 1342 1323 1608 1365; x_wconf 75' lang='grc' dir='ltr'><em>δυσπέμφελος.</em></span> <span class='ocrx_word' id='word_1_428' title='bbox 1630 1321 1689 1357; x_wconf 72' lang='grc' dir='ltr'><em>ἐπὶ</em></span> <span class='ocrx_word' id='word_1_429' title='bbox 1709 1321 1777 1366; x_wconf 77' lang='grc' dir='ltr'><em>μὲν</em></span> 
     </span>
     <span class='ocr_line' id='line_1_71' title="bbox 967 1368 1777 1415; baseline -0.001 -11"><span class='ocrx_word' id='word_1_430' title='bbox 967 1371 1032 1414; x_wconf 72' lang='grc' dir='ltr'><em>τῆς</em></span> <span class='ocrx_word' id='word_1_431' title='bbox 1052 1369 1243 1414; x_wconf 76' lang='grc' dir='ltr'><em>θαλάσσης</em></span> <span class='ocrx_word' id='word_1_432' title='bbox 1271 1368 1290 1415; x_wconf 87' lang='grc' dir='ltr'>ἡ</span> <span class='ocrx_word' id='word_1_433' title='bbox 1316 1370 1549 1413; x_wconf 83' lang='grc' dir='ltr'><em>δυσχείμερος</em></span> <span class='ocrx_word' id='word_1_434' title='bbox 1572 1383 1602 1403; x_wconf 88' lang='grc' dir='ltr'><em>κ.</em></span> <span class='ocrx_word' id='word_1_435' title='bbox 1627 1373 1777 1412; x_wconf 83' lang='grc' dir='ltr'><em>τραχεῖα</em></span> 
     </span>
     <span class='ocr_line' id='line_1_72' title="bbox 966 1414 1779 1462; baseline -0.001 -11"><span class='ocrx_word' id='word_1_436' title='bbox 966 1432 998 1452; x_wconf 83' lang='grc' dir='ltr'><em>κ.</em></span> <span class='ocrx_word' id='word_1_437' title='bbox 1023 1415 1258 1461; x_wconf 79' lang='grc' dir='ltr'><em>ταραχώδης·</em></span> <span class='ocrx_word' id='word_1_438' title='bbox 1295 1415 1353 1450; x_wconf 75' lang='grc' dir='ltr'><em>ἐπὶ</em></span> <span class='ocrx_word' id='word_1_439' title='bbox 1387 1414 1425 1449; x_wconf 75' lang='grc' dir='ltr'><em>δὲ</em></span> <span class='ocrx_word' id='word_1_440' title='bbox 1450 1417 1518 1449; x_wconf 83' lang='grc' dir='ltr'><em>τοῦ</em></span> <span class='ocrx_word' id='word_1_441' title='bbox 1543 1416 1779 1462; x_wconf 77' lang='grc' dir='ltr'><em>κολυμβητοῦ</em></span> 
     </span>
     <span class='ocr_line' id='line_1_73' title="bbox 966 1461 1776 1508; baseline -0.005 -10"><span class='ocrx_word' id='word_1_442' title='bbox 966 1461 1200 1508; x_wconf 56' lang='grc' dir='ltr'><em>δυσάρεστος.</em></span> <span class='ocrx_word' id='word_1_443' title='bbox 1232 1462 1387 1496; x_wconf 68' lang='lat' dir='ltr'>similiter</span> <span class='ocrx_word' id='word_1_444' title='bbox 1410 1462 1522 1505; x_wconf 58' lang='lat' dir='ltr'>Etym.</span> <span class='ocrx_word' id='word_1_445' title='bbox 1549 1462 1580 1495; x_wconf 87' lang='lat' dir='ltr'><em>h.</em></span> <span class='ocrx_word' id='word_1_446' title='bbox 1605 1473 1656 1502; x_wconf 17' lang='lat' dir='ltr'><em>vi,</em></span> <span class='ocrx_word' id='word_1_447' title='bbox 1682 1464 1776 1505; x_wconf 86' lang='lat' dir='ltr'>cujus</span> 
     </span>
     <span class='ocr_line' id='line_1_74' title="bbox 965 1507 1776 1553; baseline -0.001 -11"><span class='ocrx_word' id='word_1_448' title='bbox 965 1511 1060 1543; x_wconf 76' lang='lat' dir='ltr'>vocis</span> <span class='ocrx_word' id='word_1_449' title='bbox 1086 1511 1182 1553; x_wconf 83' lang='lat' dir='ltr'>origo</span> <span class='ocrx_word' id='word_1_450' title='bbox 1209 1520 1326 1552; x_wconf 77' lang='lat' dir='ltr'>parum</span> <span class='ocrx_word' id='word_1_451' title='bbox 1352 1514 1448 1541; x_wconf 88' lang='lat' dir='ltr'>certa</span> <span class='ocrx_word' id='word_1_452' title='bbox 1478 1514 1540 1541; x_wconf 87' lang='lat' dir='ltr'>est.</span> <span class='ocrx_word' id='word_1_453' title='bbox 1578 1520 1598 1541; x_wconf 90' lang='lat' dir='ltr'>a</span> <span class='ocrx_word' id='word_1_454' title='bbox 1621 1507 1776 1550; x_wconf 81' lang='grc' dir='ltr'><em>πέμπειν</em></span> 
     </span>
     <span class='ocr_line' id='line_1_75' title="bbox 966 1552 1772 1601; baseline 0 -12"><span class='ocrx_word' id='word_1_455' title='bbox 966 1558 1063 1589; x_wconf 79' lang='lat' dir='ltr'>ducit</span> <span class='ocrx_word' id='word_1_456' title='bbox 1090 1557 1139 1589; x_wconf 79' lang='lat' dir='ltr'><em>E:</em></span> <span class='ocrx_word' id='word_1_457' title='bbox 1167 1557 1186 1589; x_wconf 92' lang='grc' dir='ltr'><em>δ</em></span> <span class='ocrx_word' id='word_1_458' title='bbox 1205 1555 1502 1601; x_wconf 43' lang='lat' dir='ltr'><em>nonesto-menos</em></span> <span class='ocrx_word' id='word_1_459' title='bbox 1526 1552 1566 1588; x_wconf 73' lang='grc' dir='ltr'><em>δὲ</em></span> <span class='ocrx_word' id='word_1_460' title='bbox 1591 1553 1727 1594; x_wconf 86' lang='grc' dir='ltr'><em>πόντος</em></span> <span class='ocrx_word' id='word_1_461' title='bbox 1752 1553 1772 1589; x_wconf 87' lang='grc' dir='ltr'>ὁ</span> 
     </span>
     <span class='ocr_line' id='line_1_76' title="bbox 965 1599 1773 1646; baseline -0.001 -10"><span class='ocrx_word' id='word_1_462' title='bbox 965 1605 1210 1646; x_wconf 80' lang='grc' dir='ltr'><em>δυσχείμερος,</em></span> <span class='ocrx_word' id='word_1_463' title='bbox 1239 1600 1286 1634; x_wconf 79' lang='grc' dir='ltr'><em>δι’</em></span> <span class='ocrx_word' id='word_1_464' title='bbox 1306 1602 1350 1635; x_wconf 80' lang='grc' dir='ltr'><em>οὐ</em></span> <span class='ocrx_word' id='word_1_465' title='bbox 1372 1601 1553 1644; x_wconf 85' lang='grc' dir='ltr'><em>δυσχερῶς</em></span> <span class='ocrx_word' id='word_1_466' title='bbox 1571 1602 1664 1639; x_wconf 68' lang='grc' dir='ltr'><em>ναῦς</em></span> <span class='ocrx_word' id='word_1_467' title='bbox 1683 1599 1773 1642; x_wconf 72' lang='grc' dir='ltr'><em>πέμ·</em></span> 
     </span>
     <span class='ocr_line' id='line_1_77' title="bbox 963 1645 1773 1690; baseline -0.001 -8"><span class='ocrx_word' id='word_1_468' title='bbox 963 1661 1081 1683; x_wconf 76' lang='grc' dir='ltr'><em>πεται.</em></span> <span class='ocrx_word' id='word_1_469' title='bbox 1108 1647 1199 1683; x_wconf 77' lang='grc' dir='ltr'><em>ὅθεν</em></span> <span class='ocrx_word' id='word_1_470' title='bbox 1217 1647 1278 1682; x_wconf 80' lang='grc' dir='ltr'><em>καὶ</em></span> <span class='ocrx_word' id='word_1_471' title='bbox 1292 1645 1462 1686; x_wconf 60' lang='grc' dir='ltr'><em>“Ησιόδος</em></span> <span class='ocrx_word' id='word_1_472' title='bbox 1482 1648 1545 1690; x_wconf 87' lang='lat' dir='ltr'><em>(O.</em></span> <span class='ocrx_word' id='word_1_473' title='bbox 1564 1653 1598 1679; x_wconf 86' lang='lat' dir='ltr'><em>et</em></span> <span class='ocrx_word' id='word_1_474' title='bbox 1619 1647 1656 1679; x_wconf 89' lang='lat' dir='ltr'><em>D.</em></span> <span class='ocrx_word' id='word_1_475' title='bbox 1675 1647 1773 1689; x_wconf 78' lang='lat'>618.)</span> 
     </span>
     <span class='ocr_line' id='line_1_78' title="bbox 965 1692 1773 1738; baseline -0.002 -8"><span class='ocrx_word' id='word_1_476' title='bbox 965 1695 1222 1736; x_wconf 81' lang='grc' dir='ltr'><em>δυσπέμφελον</em></span> <span class='ocrx_word' id='word_1_477' title='bbox 1258 1692 1326 1738; x_wconf 88' lang='grc' dir='ltr'><em>τὴν</em></span> <span class='ocrx_word' id='word_1_478' title='bbox 1357 1695 1549 1727; x_wconf 80' lang='grc' dir='ltr'><em>ναυτιλίαν</em></span> <span class='ocrx_word' id='word_1_479' title='bbox 1580 1694 1682 1736; x_wconf 78' lang='grc' dir='ltr'><em>φησί.</em></span> <span class='ocrx_word' id='word_1_480' title='bbox 1727 1693 1773 1728; x_wconf 84' lang='lat' dir='ltr'><em>cf.</em></span> 
     </span>
     <span class='ocr_line' id='line_1_79' title="bbox 963 1739 1773 1785; baseline -0.002 -11"><span class='ocrx_word' id='word_1_481' title='bbox 963 1743 1067 1775; x_wconf 83' lang='lat' dir='ltr'>Schn.</span> <span class='ocrx_word' id='word_1_482' title='bbox 1095 1743 1127 1774; x_wconf 85' lang='lat' dir='ltr'><em>h.</em></span> <span class='ocrx_word' id='word_1_483' title='bbox 1155 1754 1184 1774; x_wconf 91' lang='lat' dir='ltr'><em>v.</em></span> <span class='ocrx_word' id='word_1_484' title='bbox 1210 1760 1256 1765; x_wconf 88' lang='lat'>—</span> <span class='ocrx_word' id='word_1_485' title='bbox 1292 1741 1678 1785; x_wconf 79' lang='grc' dir='ltr'><em>,,κυβιστητῆρες,</em></span> <span class='ocrx_word' id='word_1_486' title='bbox 1703 1739 1773 1773; x_wconf 87' lang='lat' dir='ltr'>sal-</span> 
     </span>
     <span class='ocr_line' id='line_1_80' title="bbox 962 1786 1669 1827; baseline -0.003 -6"><span class='ocrx_word' id='word_1_487' title='bbox 962 1794 1106 1821; x_wconf 82' lang='lat' dir='ltr'>tatores.</span> <span class='ocrx_word' id='word_1_488' title='bbox 1144 1787 1188 1820; x_wconf 83' lang='lat' dir='ltr'><em>cf.</em></span> <span class='ocrx_word' id='word_1_489' title='bbox 1216 1786 1265 1827; x_wconf 89' lang='grc' dir='ltr'><em>σ’,</em></span> <span class='ocrx_word' id='word_1_490' title='bbox 1290 1787 1403 1821; x_wconf 65' lang='lat'>604.‘⁶</span> <span class='ocrx_word' id='word_1_491' title='bbox 1429 1793 1494 1819; x_wconf 86' lang='lat' dir='ltr'>etc.</span> <span class='ocrx_word' id='word_1_492' title='bbox 1545 1787 1597 1818; x_wconf 75' lang='lat' dir='ltr'><em>Es</em></span> <span class='ocrx_word' id='word_1_493' title='bbox 1624 1787 1669 1820; x_wconf 88' lang='lat' dir='ltr'><em>H.</em></span> 
     </span>
     <span class='ocr_line' id='line_1_81' title="bbox 1008 1830 1772 1868; baseline -0.005 -1"><span class='ocrx_word' id='word_1_494' title='bbox 1008 1831 1222 1868; x_wconf 76' lang='lat'><strong>752—764.</strong></span> <span class='ocrx_word' id='word_1_495' title='bbox 1268 1832 1408 1866; x_wconf 66' lang='lat' dir='ltr'>similem</span> <span class='ocrx_word' id='word_1_496' title='bbox 1456 1832 1542 1865; x_wconf 86' lang='lat' dir='ltr'>dicit</span> <span class='ocrx_word' id='word_1_497' title='bbox 1580 1830 1772 1865; x_wconf 83' lang='lat' dir='ltr'>Patroclum</span> 
     </span>
     <span class='ocr_line' id='line_1_82' title="bbox 962 1874 1771 1923; baseline -0.004 -11"><span class='ocrx_word' id='word_1_498' title='bbox 962 1879 1051 1912; x_wconf 86' lang='lat' dir='ltr'>leoni</span> <span class='ocrx_word' id='word_1_499' title='bbox 1073 1881 1264 1918; x_wconf 78' lang='lat' dir='ltr'>vulnerato,</span> <span class='ocrx_word' id='word_1_500' title='bbox 1286 1878 1343 1923; x_wconf 91' lang='lat' dir='ltr'><em>qui</em></span> <span class='ocrx_word' id='word_1_501' title='bbox 1365 1883 1416 1911; x_wconf 89' lang='lat' dir='ltr'><em>est</em></span> <span class='ocrx_word' id='word_1_502' title='bbox 1438 1877 1561 1912; x_wconf 85' lang='lat' dir='ltr'>acrior.</span> <span class='ocrx_word' id='word_1_503' title='bbox 1575 1897 1620 1903; x_wconf 91' lang='lat'><strong>—</strong></span> <span class='ocrx_word' id='word_1_504' title='bbox 1645 1874 1771 1918; x_wconf 82' lang='grc' dir='ltr'><em>οἶμα,</em></span> 
     </span>
     <span class='ocr_line' id='line_1_83' title="bbox 961 1920 1772 1969; baseline -0.001 -11"><span class='ocrx_word' id='word_1_505' title='bbox 961 1937 1138 1969; x_wconf 82' lang='lat' dir='ltr'>gressum,</span> <span class='ocrx_word' id='word_1_506' title='bbox 1164 1925 1219 1958; x_wconf 79' lang='lat' dir='ltr'>vei</span> <span class='ocrx_word' id='word_1_507' title='bbox 1251 1925 1427 1966; x_wconf 80' lang='lat' dir='ltr'>impetum.</span> <span class='ocrx_word' id='word_1_508' title='bbox 1475 1924 1578 1957; x_wconf 88' lang='lat' dir='ltr'>Sch.:</span> <span class='ocrx_word' id='word_1_509' title='bbox 1612 1920 1772 1968; x_wconf 84' lang='grc' dir='ltr'><em>ὅρμημα.</em></span> 
     </span>
     <span class='ocr_line' id='line_1_84' title="bbox 964 1968 1771 2015; baseline -0.004 -9"><span class='ocrx_word' id='word_1_510' title='bbox 964 1969 1022 2015; x_wconf 87' lang='grc' dir='ltr'><em>φ’,</em></span> <span class='ocrx_word' id='word_1_511' title='bbox 1060 1973 1147 2006; x_wconf 71' lang='lat'><em>252:</em></span> <span class='ocrx_word' id='word_1_512' title='bbox 1189 1972 1317 2005; x_wconf 75' lang='grc' dir='ltr'><em>αἰετοῦ</em></span> <span class='ocrx_word' id='word_1_513' title='bbox 1355 1968 1476 2014; x_wconf 81' lang='grc' dir='ltr'><em>οἴματ’</em></span> <span class='ocrx_word' id='word_1_514' title='bbox 1509 1969 1610 2013; x_wconf 74' lang='grc' dir='ltr'><em>ἔχων.</em></span> <span class='ocrx_word' id='word_1_515' title='bbox 1661 1970 1771 2012; x_wconf 80' lang='grc' dir='ltr'><em>οἷ’μην</em></span> 
     </span>
     <span class='ocr_line' id='line_1_85' title="bbox 963 2014 1772 2062; baseline -0.004 -12"><span class='ocrx_word' id='word_1_516' title='bbox 963 2017 1122 2051; x_wconf 85' lang='lat' dir='ltr'>musicam</span> <span class='ocrx_word' id='word_1_517' title='bbox 1151 2018 1241 2050; x_wconf 82' lang='lat' dir='ltr'>dixit</span> <span class='ocrx_word' id='word_1_518' title='bbox 1265 2017 1391 2062; x_wconf 85' lang='lat' dir='ltr'>Odyss.</span> <span class='ocrx_word' id='word_1_519' title='bbox 1416 2014 1476 2057; x_wconf 75' lang='grc' dir='ltr'><em>θ’,</em></span> <span class='ocrx_word' id='word_1_520' title='bbox 1502 2016 1547 2052; x_wconf 76' lang='lat'><em>74</em></span> <span class='ocrx_word' id='word_1_521' title='bbox 1571 2041 1581 2056; x_wconf 88' lang='lat'><strong>‚</strong></span> <span class='ocrx_word' id='word_1_522' title='bbox 1613 2020 1648 2048; x_wconf 80' lang='lat' dir='ltr'><em>et</em></span> <span class='ocrx_word' id='word_1_523' title='bbox 1677 2016 1772 2048; x_wconf 71' lang='lat' dir='ltr'>situi-</span> 
     </span>
    </p>
   </div>
   <div class='ocr_carea' id='block_1_10' title="bbox 960 2061 1830 2148">
    <p class='ocr_par' dir='ltr' id='par_1_10' title="bbox 960 2061 1830 2148">
     <span class='ocr_line' id='line_1_86' title="bbox 960 2061 1829 2108; baseline -0.002 -11"><span class='ocrx_word' id='word_1_524' title='bbox 960 2064 1039 2097; x_wconf 88' lang='lat' dir='ltr'>liter</span> <span class='ocrx_word' id='word_1_525' title='bbox 1061 2062 1197 2108; x_wconf 76' lang='grc' dir='ltr'><em>άγλαὸν</em></span> <span class='ocrx_word' id='word_1_526' title='bbox 1218 2062 1324 2107; x_wconf 83' lang='grc' dir='ltr'><em>οἶμον</em></span> <span class='ocrx_word' id='word_1_527' title='bbox 1343 2062 1474 2106; x_wconf 66' lang='grc' dir='ltr'><em>ἀοιδῆς</em></span> <span class='ocrx_word' id='word_1_528' title='bbox 1490 2062 1640 2105; x_wconf 85' lang='lat' dir='ltr'><em>scriptor</em></span> <span class='ocrx_word' id='word_1_529' title='bbox 1656 2061 1771 2106; x_wconf 84' lang='lat' dir='ltr'>hymni</span> <span class='ocrx_word' id='word_1_530' title='bbox 1827 2098 1829 2105; x_wconf 40' lang='grc' dir='ltr'>Ι</span> 
     </span>
     <span class='ocr_line' id='line_1_87' title="bbox 1447 2107 1830 2148; baseline 0.003 -7"><span class='ocrx_word' id='word_1_531' title='bbox 1447 2108 1593 2148; x_wconf 75' lang='lat' dir='ltr'><em>Matth.;</em></span> <span class='ocrx_word' id='word_1_532' title='bbox 1628 2109 1769 2141; x_wconf 77' lang='lat' dir='ltr'>verbum</span> <span class='ocrx_word' id='word_1_533' title='bbox 1824 2107 1830 2142; x_wconf 67' lang='grc' dir='ltr'>ἶ</span> 
     </span>
    </p>
   </div>
   <div class='ocr_carea' id='block_1_11' title="bbox 960 2109 1830 2256">
    <p class='ocr_par' dir='ltr' id='par_1_11' title="bbox 960 2109 1830 2256">
     <span class='ocr_line' id='line_1_88' title="bbox 961 2109 1829 2152; baseline -0.002 -10"><span class='ocrx_word' id='word_1_534' title='bbox 961 2110 996 2143; x_wconf 87' lang='lat' dir='ltr'><em>in</em></span> <span class='ocrx_word' id='word_1_535' title='bbox 1022 2110 1130 2144; x_wconf 76' lang='lat' dir='ltr'>Mero.</span> <span class='ocrx_word' id='word_1_536' title='bbox 1164 2110 1251 2150; x_wconf 80' lang='lat'>451,</span> <span class='ocrx_word' id='word_1_537' title='bbox 1290 2109 1348 2142; x_wconf 83' lang='lat' dir='ltr'>ubi</span> <span class='ocrx_word' id='word_1_538' title='bbox 1381 2120 1412 2142; x_wconf 88' lang='lat' dir='ltr'><em>v.</em></span> <span class='ocrx_word' id='word_1_539' title='bbox 1824 2146 1829 2152; x_wconf 27' lang='lat' dir='ltr'><em>A</em></span> 
     </span>
     <span class='ocr_line' id='line_1_89' title="bbox 962 2153 1830 2199; baseline -0.005 -9"><span class='ocrx_word' id='word_1_540' title='bbox 962 2157 1074 2199; x_wconf 75' lang='grc' dir='ltr'><em>οἰμᾷν</em></span> <span class='ocrx_word' id='word_1_541' title='bbox 1098 2156 1173 2189; x_wconf 83' lang='lat' dir='ltr'>sive</span> <span class='ocrx_word' id='word_1_542' title='bbox 1203 2156 1321 2199; x_wconf 82' lang='grc' dir='ltr'><em>οἰμεῖν</em></span> <span class='ocrx_word' id='word_1_543' title='bbox 1345 2155 1483 2198; x_wconf 85' lang='lat' dir='ltr'>saepius</span> <span class='ocrx_word' id='word_1_544' title='bbox 1503 2154 1649 2197; x_wconf 84' lang='lat' dir='ltr'>legitur,</span> <span class='ocrx_word' id='word_1_545' title='bbox 1674 2153 1770 2187; x_wconf 80' lang='lat' dir='ltr'>velut</span> <span class='ocrx_word' id='word_1_546' title='bbox 1824 2158 1830 2182; x_wconf 70' lang='grc' dir='ltr'><em>ἴ</em></span> 
     </span>
     <span class='ocr_line' id='line_1_90' title="bbox 960 2198 1830 2256; baseline -0.002 -20"><span class='ocrx_word' id='word_1_547' title='bbox 960 2215 1000 2245; x_wconf 87' lang='grc' dir='ltr'><em>χ,</em></span> <span class='ocrx_word' id='word_1_548' title='bbox 1030 2204 1116 2238; x_wconf 82' lang='lat'>139:</span> <span class='ocrx_word' id='word_1_549' title='bbox 1144 2199 1230 2245; x_wconf 74' lang='grc' dir='ltr'><em>ἠΰτε</em></span> <span class='ocrx_word' id='word_1_550' title='bbox 1256 2205 1379 2256; x_wconf 44' lang='grc' dir='ltr'><em>κίρκος</em></span> <span class='ocrx_word' id='word_1_551' title='bbox 1401 2202 1575 2244; x_wconf 84' lang='grc' dir='ltr'><em>ὄρεσφιν,</em></span> <span class='ocrx_word' id='word_1_552' title='bbox 1609 2198 1768 2243; x_wconf 78' lang='grc' dir='ltr'><em>ε’λαφρό-</em></span> <span class='ocrx_word' id='word_1_553' title='bbox 1825 2198 1830 2215; x_wconf 64' lang='lat'><em>‘⁸</em></span> 
     </span>
    </p>
   </div>
   <div class='ocr_carea' id='block_1_12' title="bbox 958 2244 1828 2339">
    <p class='ocr_par' dir='ltr' id='par_1_12' title="bbox 958 2244 1828 2339">
     <span class='ocr_line' id='line_1_91' title="bbox 959 2244 1828 2292; baseline -0.005 -9"><span class='ocrx_word' id='word_1_554' title='bbox 959 2262 1068 2288; x_wconf 84' lang='grc' dir='ltr'><em>τατος</em></span> <span class='ocrx_word' id='word_1_555' title='bbox 1090 2249 1295 2292; x_wconf 82' lang='grc' dir='ltr'><em>πετεηνῶν,</em></span> <span class='ocrx_word' id='word_1_556' title='bbox 1333 2250 1494 2289; x_wconf 84' lang='grc' dir='ltr'><em>Ρηϊδίως</em></span> <span class='ocrx_word' id='word_1_557' title='bbox 1525 2246 1653 2290; x_wconf 59' lang='grc' dir='ltr'><em>οἶῖμησε</em></span> <span class='ocrx_word' id='word_1_558' title='bbox 1675 2244 1769 2289; x_wconf 74' lang='grc' dir='ltr'><em>μετά</em></span> <span class='ocrx_word' id='word_1_559' title='bbox 1825 2270 1828 2275; x_wconf 89' lang='grc'><em>.</em></span> 
     </span>
     <span class='ocr_line' id='line_1_92' title="bbox 958 2290 1828 2339; baseline -0.005 -10"><span class='ocrx_word' id='word_1_560' title='bbox 958 2293 1128 2339; x_wconf 85' lang='grc' dir='ltr'><em>τρήρωνα</em></span> <span class='ocrx_word' id='word_1_561' title='bbox 1149 2298 1309 2329; x_wconf 60' lang='grc' dir='ltr'><em>πέλειαν.</em></span> <span class='ocrx_word' id='word_1_562' title='bbox 1339 2290 1386 2328; x_wconf 74' lang='lat' dir='ltr'><em>‘H</em></span> <span class='ocrx_word' id='word_1_563' title='bbox 1402 2294 1441 2329; x_wconf 84' lang='grc' dir='ltr'><em>δέ</em></span> <span class='ocrx_word' id='word_1_564' title='bbox 1459 2290 1507 2327; x_wconf 78' lang='grc' dir='ltr'><em>θ’</em></span> <span class='ocrx_word' id='word_1_565' title='bbox 1526 2290 1676 2328; x_wconf 73' lang='grc' dir='ltr'><em>’ὕπαιθα</em></span> <span class='ocrx_word' id='word_1_566' title='bbox 1698 2305 1768 2335; x_wconf 82' lang='grc' dir='ltr'><em>φο·</em></span> <span class='ocrx_word' id='word_1_567' title='bbox 1824 2324 1828 2332; x_wconf 80' lang='grc'><em>,</em></span> 
     </span>
    </p>
   </div>
   <div class='ocr_carea' id='block_1_13' title="bbox 960 2338 1768 2431">
    <p class='ocr_par' dir='ltr' id='par_1_13' title="bbox 960 2338 1768 2431">
     <span class='ocr_line' id='line_1_93' title="bbox 960 2338 1768 2387; baseline -0.004 -12"><span class='ocrx_word' id='word_1_568' title='bbox 960 2344 1098 2387; x_wconf 79' lang='grc' dir='ltr'><em>βεῑται·</em></span> <span class='ocrx_word' id='word_1_569' title='bbox 1126 2339 1145 2376; x_wconf 83' lang='grc' dir='ltr'>ὁ</span> <span class='ocrx_word' id='word_1_570' title='bbox 1166 2341 1203 2376; x_wconf 79' lang='grc' dir='ltr'><em>δ’</em></span> <span class='ocrx_word' id='word_1_571' title='bbox 1225 2340 1381 2386; x_wconf 75' lang='grc' dir='ltr'><em>ἐγγύθεν</em></span> <span class='ocrx_word' id='word_1_572' title='bbox 1403 2338 1467 2381; x_wconf 77' lang='grc' dir='ltr'><em>ὀξύ</em></span> <span class='ocrx_word' id='word_1_573' title='bbox 1487 2338 1643 2383; x_wconf 80' lang='grc' dir='ltr'><em>λεληκώς</em></span> <span class='ocrx_word' id='word_1_574' title='bbox 1670 2342 1768 2379; x_wconf 85' lang='grc' dir='ltr'><em>Ταρ-</em></span> 
     </span>
     <span class='ocr_line' id='line_1_94' title="bbox 961 2387 1235 2431; baseline -0.007 -9"><span class='ocrx_word' id='word_1_575' title='bbox 961 2387 1027 2431; x_wconf 84' lang='grc' dir='ltr'><em>φέ’</em></span> <span class='ocrx_word' id='word_1_576' title='bbox 1061 2387 1235 2423; x_wconf 76' lang='grc' dir='ltr'><em>ἐπαΐσσει.</em></span> 
     </span>
    </p>
   </div>
   <div class='ocr_carea' id='block_1_14' title="bbox 959 2520 1826 2579">
    <p class='ocr_par' dir='ltr' id='par_1_14' title="bbox 959 2519 1826 2579">
     <span class='ocr_line' id='line_1_95' title="bbox 959 2520 1826 2579; baseline 0.006 -20"><span class='ocrx_word' id='word_1_577' title='bbox 959 2528 1010 2559; x_wconf 79' lang='lat' dir='ltr'><em>De</em></span> <span class='ocrx_word' id='word_1_578' title='bbox 1032 2529 1068 2560; x_wconf 85' lang='lat' dir='ltr'><em>la</em></span> <span class='ocrx_word' id='word_1_579' title='bbox 1088 2527 1271 2560; x_wconf 79' lang='lat' dir='ltr'>rcbcllion!</span> <span class='ocrx_word' id='word_1_580' title='bbox 1289 2546 1332 2550; x_wconf 87' lang='lat'><strong>—</strong></span> <span class='ocrx_word' id='word_1_581' title='bbox 1355 2524 1591 2567; x_wconf 43' lang='grc' dir='ltr'><em>κεραΐζων,</em></span> <span class='ocrx_word' id='word_1_582' title='bbox 1619 2525 1698 2562; x_wconf 79' lang='lat'>830,</span> <span class='ocrx_word' id='word_1_583' title='bbox 1721 2520 1768 2568; x_wconf 71' lang='grc' dir='ltr'><em>β’,</em></span> <span class='ocrx_word' id='word_1_584' title='bbox 1822 2534 1826 2579; x_wconf 65' lang='lat' dir='ltr'>J</span> 
     </span>
    </p>
   </div>
   <div class='ocr_carea' id='block_1_15' title="bbox 956 2572 1825 2707">
    <p class='ocr_par' dir='ltr' id='par_1_15' title="bbox 956 2572 1825 2707">
     <span class='ocr_line' id='line_1_96' title="bbox 959 2572 1825 2612; baseline -0.007 -5"><span class='ocrx_word' id='word_1_585' title='bbox 959 2575 1024 2607; x_wconf 87' lang='lat'><em>861</em></span> <span class='ocrx_word' id='word_1_586' title='bbox 1051 2580 1116 2606; x_wconf 80' lang='lat' dir='ltr'>etc.</span> <span class='ocrx_word' id='word_1_587' title='bbox 1151 2574 1240 2606; x_wconf 88' lang='lat' dir='ltr'>unde</span> <span class='ocrx_word' id='word_1_588' title='bbox 1267 2572 1365 2604; x_wconf 89' lang='lat' dir='ltr'>Hom.</span> <span class='ocrx_word' id='word_1_589' title='bbox 1399 2572 1530 2604; x_wconf 77' lang='lat' dir='ltr'>leonum</span> <span class='ocrx_word' id='word_1_590' title='bbox 1562 2575 1631 2602; x_wconf 85' lang='lat' dir='ltr'><em>tam</em></span> <span class='ocrx_word' id='word_1_591' title='bbox 1663 2581 1764 2602; x_wconf 77' lang='lat' dir='ltr'>accu-</span> <span class='ocrx_word' id='word_1_592' title='bbox 1822 2588 1825 2612; x_wconf 69' lang='lat'><em>,¹</em></span> 
     </span>
     <span class='ocr_line' id='line_1_97' title="bbox 957 2615 1825 2659; baseline -0.006 -7"><span class='ocrx_word' id='word_1_593' title='bbox 957 2626 1063 2652; x_wconf 82' lang='lat' dir='ltr'>ratam</span> <span class='ocrx_word' id='word_1_594' title='bbox 1090 2620 1243 2651; x_wconf 59' lang='lat' dir='ltr'>notitiam</span> <span class='ocrx_word' id='word_1_595' title='bbox 1266 2616 1446 2656; x_wconf 79' lang='lat' dir='ltr'>habuerit,</span> <span class='ocrx_word' id='word_1_596' title='bbox 1481 2616 1512 2648; x_wconf 87' lang='lat' dir='ltr'><em>si</em></span> <span class='ocrx_word' id='word_1_597' title='bbox 1545 2615 1635 2648; x_wconf 82' lang='lat' dir='ltr'>forte</span> <span class='ocrx_word' id='word_1_598' title='bbox 1659 2627 1765 2659; x_wconf 78' lang='lat' dir='ltr'>quae·</span> <span class='ocrx_word' id='word_1_599' title='bbox 1821 2630 1825 2652; x_wconf 64' lang='grc' dir='ltr'><em>ς</em></span> 
     </span>
     <span class='ocr_line' id='line_1_98' title="bbox 956 2661 1824 2707; baseline -0.005 -9"><span class='ocrx_word' id='word_1_600' title='bbox 956 2665 1025 2707; x_wconf 88' lang='lat' dir='ltr'>ris,</span> <span class='ocrx_word' id='word_1_601' title='bbox 1062 2676 1134 2698; x_wconf 89' lang='lat' dir='ltr'><em>cum</em></span> <span class='ocrx_word' id='word_1_602' title='bbox 1160 2665 1240 2698; x_wconf 79' lang='lat' dir='ltr'>nulli</span> <span class='ocrx_word' id='word_1_603' title='bbox 1273 2674 1360 2696; x_wconf 88' lang='lat' dir='ltr'>nunc</span> <span class='ocrx_word' id='word_1_604' title='bbox 1392 2663 1462 2695; x_wconf 84' lang='lat' dir='ltr'>sint</span> <span class='ocrx_word' id='word_1_605' title='bbox 1493 2661 1527 2694; x_wconf 89' lang='lat' dir='ltr'><em>in</em></span> <span class='ocrx_word' id='word_1_606' title='bbox 1552 2661 1703 2694; x_wconf 82' lang='lat' dir='ltr'>Graecia</span> <span class='ocrx_word' id='word_1_607' title='bbox 1728 2667 1764 2695; x_wconf 81' lang='lat' dir='ltr'><em>et</em></span> <span class='ocrx_word' id='word_1_608' title='bbox 1821 2666 1824 2697; x_wconf 64' lang='lat'><em>³,</em></span> 
     </span>
    </p>
   </div>
   <div class='ocr_carea' id='block_1_16' title="bbox 956 2707 1762 2798">
    <p class='ocr_par' dir='ltr' id='par_1_16' title="bbox 956 2699 1824 2798">
     <span class='ocr_line' id='line_1_99' title="bbox 956 2707 1762 2749; baseline -0.006 -4"><span class='ocrx_word' id='word_1_609' title='bbox 956 2713 1039 2746; x_wconf 85' lang='lat' dir='ltr'>Asia</span> <span class='ocrx_word' id='word_1_610' title='bbox 1063 2711 1241 2749; x_wconf 78' lang='lat' dir='ltr'><em>citeriore,</em></span> <span class='ocrx_word' id='word_1_611' title='bbox 1277 2708 1459 2742; x_wconf 78' lang='lat' dir='ltr'>tenendum</span> <span class='ocrx_word' id='word_1_612' title='bbox 1493 2714 1566 2747; x_wconf 84' lang='lat' dir='ltr'>est,</span> <span class='ocrx_word' id='word_1_613' title='bbox 1601 2707 1702 2740; x_wconf 83' lang='lat' dir='ltr'>aliter</span> <span class='ocrx_word' id='word_1_614' title='bbox 1724 2718 1762 2740; x_wconf 83' lang='lat' dir='ltr'><em>se</em></span> 
     </span>
     <span class='ocr_line' id='line_1_100' title="bbox 956 2752 1761 2798; baseline -0.007 -7"><span class='ocrx_word' id='word_1_615' title='bbox 956 2769 1024 2791; x_wconf 88' lang='lat' dir='ltr'>rem</span> <span class='ocrx_word' id='word_1_616' title='bbox 1045 2758 1206 2790; x_wconf 80' lang='lat' dir='ltr'>habuisse</span> <span class='ocrx_word' id='word_1_617' title='bbox 1227 2755 1349 2798; x_wconf 77' lang='lat' dir='ltr'>priscis</span> <span class='ocrx_word' id='word_1_618' title='bbox 1368 2753 1590 2797; x_wconf 83' lang='lat' dir='ltr'>temporibus,</span> <span class='ocrx_word' id='word_1_619' title='bbox 1613 2752 1647 2785; x_wconf 86' lang='lat' dir='ltr'><em>id</em></span> <span class='ocrx_word' id='word_1_620' title='bbox 1672 2752 1761 2796; x_wconf 79' lang='lat' dir='ltr'>quod</span> 
     </span>
    </p>
   </div>
   <div class='ocr_carea' id='block_1_17' title="bbox 956 2798 1823 2845">
    <p class='ocr_par' dir='ltr' id='par_1_17' title="bbox 956 2798 1823 2845">
     <span class='ocr_line' id='line_1_101' title="bbox 956 2798 1823 2845; baseline -0.007 -8"><span class='ocrx_word' id='word_1_621' title='bbox 956 2815 999 2837; x_wconf 85' lang='lat' dir='ltr'><em>ex</em></span> <span class='ocrx_word' id='word_1_622' title='bbox 1022 2803 1181 2836; x_wconf 84' lang='lat' dir='ltr'>Herculis</span> <span class='ocrx_word' id='word_1_623' title='bbox 1205 2800 1403 2845; x_wconf 71' lang='lat' dir='ltr'>Theseique</span> <span class='ocrx_word' id='word_1_624' title='bbox 1436 2800 1562 2833; x_wconf 82' lang='lat' dir='ltr'>fabulis</span> <span class='ocrx_word' id='word_1_625' title='bbox 1585 2806 1621 2832; x_wconf 84' lang='lat' dir='ltr'><em>et</em></span> <span class='ocrx_word' id='word_1_626' title='bbox 1647 2798 1762 2842; x_wconf 81' lang='lat' dir='ltr'>Cybe-</span> <span class='ocrx_word' id='word_1_627' title='bbox 1821 2820 1823 2822; x_wconf 38' lang='lat' dir='ltr'>v</span> 
     </span>
    </p>
   </div>
   <div class='ocr_carea' id='block_1_18' title="bbox 955 2845 1824 2891">
    <p class='ocr_par' dir='ltr' id='par_1_18' title="bbox 955 2845 1824 2894">
     <span class='ocr_line' id='line_1_102' title="bbox 955 2845 1824 2891; baseline -0.006 -9"><span class='ocrx_word' id='word_1_628' title='bbox 955 2849 1027 2889; x_wconf 87' lang='lat' dir='ltr'>les,</span> <span class='ocrx_word' id='word_1_629' title='bbox 1052 2849 1138 2882; x_wconf 87' lang='lat' dir='ltr'>deae</span> <span class='ocrx_word' id='word_1_630' title='bbox 1164 2846 1356 2891; x_wconf 76' lang='lat' dir='ltr'>Phrygiae,</span> <span class='ocrx_word' id='word_1_631' title='bbox 1383 2845 1537 2878; x_wconf 81' lang='lat' dir='ltr'>leonibus</span> <span class='ocrx_word' id='word_1_632' title='bbox 1558 2845 1687 2889; x_wconf 76' lang='lat' dir='ltr'>junctis</span> <span class='ocrx_word' id='word_1_633' title='bbox 1711 2845 1763 2878; x_wconf 82' lang='lat' dir='ltr'><em>in—</em></span> <span class='ocrx_word' id='word_1_634' title='bbox 1820 2848 1824 2859; x_wconf 81' lang='lat'><strong>¹</strong></span> 
     </span>
    </p>
   </div>
   <div class='ocr_carea' id='block_1_19' title="bbox 956 2890 1823 2985">
    <p class='ocr_par' dir='ltr' id='par_1_19' title="bbox 956 2890 1823 2985">
     <span class='ocr_line' id='line_1_103' title="bbox 956 2890 1823 2936; baseline -0.007 -8"><span class='ocrx_word' id='word_1_635' title='bbox 956 2895 1035 2928; x_wconf 84' lang='lat' dir='ltr'>vehi</span> <span class='ocrx_word' id='word_1_636' title='bbox 1059 2895 1192 2931; x_wconf 79' lang='lat' dir='ltr'>solitae,</span> <span class='ocrx_word' id='word_1_637' title='bbox 1218 2891 1461 2936; x_wconf 83' lang='lat' dir='ltr'>descriptione,</span> <span class='ocrx_word' id='word_1_638' title='bbox 1487 2896 1558 2925; x_wconf 80' lang='lat' dir='ltr'><em>tum</em></span> <span class='ocrx_word' id='word_1_639' title='bbox 1584 2903 1626 2924; x_wconf 86' lang='lat' dir='ltr'><em>ex</em></span> <span class='ocrx_word' id='word_1_640' title='bbox 1650 2904 1690 2925; x_wconf 87' lang='lat' dir='ltr'><em>eo</em></span> <span class='ocrx_word' id='word_1_641' title='bbox 1712 2890 1765 2923; x_wconf 91' lang='lat' dir='ltr'><em>in-</em></span> <span class='ocrx_word' id='word_1_642' title='bbox 1819 2908 1823 2922; x_wconf 65' lang='grc' dir='ltr'><em>ι</em></span> 
     </span>
     <span class='ocr_line' id='line_1_104' title="bbox 957 2938 1822 2985; baseline -0.003 -11"><span class='ocrx_word' id='word_1_643' title='bbox 957 2941 1136 2985; x_wconf 81' lang='lat' dir='ltr'>telligitur‚</span> <span class='ocrx_word' id='word_1_644' title='bbox 1151 2938 1241 2983; x_wconf 89' lang='lat' dir='ltr'>quod</span> <span class='ocrx_word' id='word_1_645' title='bbox 1256 2938 1298 2971; x_wconf 89' lang='lat' dir='ltr'><em>ad</em></span> <span class='ocrx_word' id='word_1_646' title='bbox 1313 2939 1474 2971; x_wconf 78' lang='lat' dir='ltr'>seriorem</span> <span class='ocrx_word' id='word_1_647' title='bbox 1489 2942 1636 2971; x_wconf 72' lang='lat' dir='ltr'><em>aetatem</em></span> <span class='ocrx_word' id='word_1_648' title='bbox 1649 2938 1765 2970; x_wconf 77' lang='lat' dir='ltr'>Thra-</span> <span class='ocrx_word' id='word_1_649' title='bbox 1820 2964 1822 2971; x_wconf 77' lang='grc'><em>,</em></span> 
     </span>
    </p>
   </div>
   <div class='ocr_carea' id='block_1_20' title="bbox 956 2983 1767 3022">
    <p class='ocr_par' dir='ltr' id='par_1_20' title="bbox 956 2974 1823 3022">
     <span class='ocr_line' id='line_1_105' title="bbox 956 2983 1767 3022; baseline -0.006 -1"><span class='ocrx_word' id='word_1_650' title='bbox 956 2987 1010 3022; x_wconf 84' lang='lat' dir='ltr'><em>cia</em></span> <span class='ocrx_word' id='word_1_651' title='bbox 1026 2986 1149 3020; x_wconf 87' lang='lat' dir='ltr'>nutriit</span> <span class='ocrx_word' id='word_1_652' title='bbox 1170 2986 1297 3019; x_wconf 80' lang='lat' dir='ltr'>leones.</span> <span class='ocrx_word' id='word_1_653' title='bbox 1317 2984 1371 3018; x_wconf 76' lang='lat' dir='ltr'><em>Ex</em></span> <span class='ocrx_word' id='word_1_654' title='bbox 1385 2984 1486 3018; x_wconf 82' lang='lat' dir='ltr'><em>H.—</em></span> <span class='ocrx_word' id='word_1_655' title='bbox 1511 2994 1643 3018; x_wconf 84' lang='lat' dir='ltr'>rursum</span> <span class='ocrx_word' id='word_1_656' title='bbox 1665 2983 1767 3017; x_wconf 54' lang='lat' dir='ltr'><em>§cha</em></span> 
     </span>
    </p>
   </div>
   <div class='ocr_carea' id='block_1_21' title="bbox 1290 2386 1826 2429">
    <p class='ocr_par' dir='ltr' id='par_1_21' title="bbox 1290 2386 1826 2429">
     <span class='ocr_line' id='line_1_106' title="bbox 1290 2386 1826 2429; baseline -0.004 -9"><span class='ocrx_word' id='word_1_657' title='bbox 1290 2387 1530 2420; x_wconf 61' lang='lat' dir='ltr'>Mulherbeus:</span> <span class='ocrx_word' id='word_1_658' title='bbox 1567 2386 1676 2429; x_wconf 82' lang='lat' dir='ltr'>prend</span> <span class='ocrx_word' id='word_1_659' title='bbox 1709 2391 1769 2418; x_wconf 83' lang='lat' dir='ltr'><em>ton</em></span> <span class='ocrx_word' id='word_1_660' title='bbox 1823 2420 1826 2427; x_wconf 62' lang='grc'><em>,</em></span> 
     </span>
    </p>
   </div>
   <div class='ocr_carea' id='block_1_22' title="bbox 953 2431 1847 2528">
    <p class='ocr_par' dir='ltr' id='par_1_22' title="bbox 953 2431 1847 2528">
     <span class='ocr_line' id='line_1_107' title="bbox 953 2431 1827 2478; baseline -0.003 -12"><span class='ocrx_word' id='word_1_661' title='bbox 953 2435 1102 2478; x_wconf 83' lang='lat' dir='ltr'>foudre,</span> <span class='ocrx_word' id='word_1_662' title='bbox 1134 2435 1260 2474; x_wconf 84' lang='lat' dir='ltr'>Louis,</span> <span class='ocrx_word' id='word_1_663' title='bbox 1293 2438 1327 2467; x_wconf 82' lang='lat' dir='ltr'><em>et</em></span> <span class='ocrx_word' id='word_1_664' title='bbox 1370 2444 1414 2466; x_wconf 87' lang='lat' dir='ltr'><em>va</em></span> <span class='ocrx_word' id='word_1_665' title='bbox 1447 2443 1574 2465; x_wconf 83' lang='lat' dir='ltr'>comme</span> <span class='ocrx_word' id='word_1_666' title='bbox 1607 2443 1652 2464; x_wconf 90' lang='lat' dir='ltr'><em>un</em></span> <span class='ocrx_word' id='word_1_667' title='bbox 1683 2431 1766 2464; x_wconf 84' lang='lat' dir='ltr'>lion.</span> <span class='ocrx_word' id='word_1_668' title='bbox 1824 2439 1827 2462; x_wconf 75' lang='lat'><strong><em>7</em></strong></span> 
     </span>
     <span class='ocr_line' id='line_1_108' title="bbox 959 2478 1847 2528; baseline -0.003 -15"><span class='ocrx_word' id='word_1_669' title='bbox 959 2482 1099 2514; x_wconf 81' lang='lat' dir='ltr'>Donncr</span> <span class='ocrx_word' id='word_1_670' title='bbox 1117 2481 1148 2514; x_wconf 82' lang='lat' dir='ltr'><em>le</em></span> <span class='ocrx_word' id='word_1_671' title='bbox 1167 2481 1302 2514; x_wconf 80' lang='lat' dir='ltr'>dernier</span> <span class='ocrx_word' id='word_1_672' title='bbox 1322 2490 1407 2522; x_wconf 81' lang='lat' dir='ltr'>coup</span> <span class='ocrx_word' id='word_1_673' title='bbox 1430 2480 1452 2511; x_wconf 84' lang='grc' dir='ltr'><strong><em>ὰ</em></strong></span> <span class='ocrx_word' id='word_1_674' title='bbox 1472 2479 1507 2510; x_wconf 84' lang='lat' dir='ltr'><em>la</em></span> <span class='ocrx_word' id='word_1_675' title='bbox 1527 2478 1681 2510; x_wconf 58' lang='lat' dir='ltr'>dernier-c</span> <span class='ocrx_word' id='word_1_676' title='bbox 1698 2480 1767 2510; x_wconf 78' lang='lat' dir='ltr'>te&#39;te</span> <span class='ocrx_word' id='word_1_677' title='bbox 1822 2484 1826 2505; x_wconf 86' lang='lat'><em>¹.</em></span> <span class='ocrx_word' id='word_1_678' title='bbox 1845 2517 1847 2528; x_wconf 48' lang='grc' dir='ltr'>Ι</span> 
     </span>
    </p>
   </div>
   <div class='ocr_carea' id='block_1_23' title="bbox 1818 0 1847 2520">
    <p class='ocr_par' dir='ltr' id='par_1_23' title="bbox 1818 0 1847 2520">
     <span class='ocr_line' id='line_1_109' title="bbox 1818 0 1847 2520; baseline 0 0"><span class='ocrx_word' id='word_1_679' title='bbox 1818 0 1847 2520; x_wconf 95' lang='lat' dir='ltr'><em> </em></span> 
     </span>
    </p>
   </div>
  </div>
 </body>
</html>
