1847 3277
28 163 37 225 {3
617 157 1150 199 ΙΛΙΑΔΟΣΤ.

27 284 36 310 ⁴*
130 276 185 317 60
213 270 289 314 καὶ
316 268 536 324 κορυφαὶ,
574 267 740 322 Τρώων
768 283 813 311 τε
841 266 990 317 πόλις,
1020 266 1095 310 καὶ
1122 267 1224 320 νῆες
1251 262 1444 333 Ἀχαιῶν.

214 327 406 370 ἔδδεισεν
435 325 479 369 δ’
510 323 896 382 ’ὑπένερθενηᾶναξ
925 323 1112 378 ἐνέρων,
1135 321 1392 372 Ἀϊδωνευς,

215 384 362 434 δείσας
392 380 435 426 δ’
471 382 517 424 ἐκ
547 381 721 434 θρόνου
753 383 882 431 ἆλτο,
909 380 983 423 καὶ
1013 381 1129 435 ἴαχε,
1161 376 1220 433 μή
1251 378 1298 420 οἱ
1324 376 1491 433 ὕπερθε

212 444 344 495 γαῖαν
376 436 630 493 ἀκαῤῥήξειε
661 437 921 481 Ποσειδάων
951 436 1220 492 ἐνοσίχθων,

129 558 184 598 65
215 549 466 608 σμερδαλέ’,
499 550 741 606 εὐρώεντα,
771 549 872 593 τάτε
902 549 1137 605 στυγέουσι
1164 546 1265 590 θεοί
1294 560 1395 599 περ·

212 609 368 659 τόσσος
395 607 482 662 ἄρα
510 606 678 658 κτύπος
710 604 825 658 ὦρτο
855 610 977 649 θεῶν
1007 606 1122 660 ἔριδι
1151 601 1403 656 ξυνιόντων.

211 660 307 720 ἦτοι
336 665 414 717 μὲν
442 665 526 720 γὰρ
557 664 716 707 ἔναντα
746 662 1061 713 Ποσειδάωνος
1090 661 1280 709 ἄνακτος

166 724 184 742 *
215 721 346 764 ἵστατ’
373 720 592 764 Ἀπόλλων
622 724 806 776 Φοῖβος,
837 719 945 775 ἔχων
975 718 1020 761 ἰὰ
1050 716 1304 771 πτερόεντα·

18 806 21 817 ·
213 777 322 821 ἄντα
352 776 394 821 δ’
425 777 672 820 Ἐνυαλίοιο
703 780 787 820 θεὰ
813 779 1066 832 γλαυκῶπις
1090 773 1274 830 Ἀθήνη·

16 827 27 883 i
127 840 182 879 70
200 834 317 905 :How
348 833 393 878 δ’
423 833 607 889 α’ντέστη
637 834 990 902 χρυσηλάκατος,
1020 830 1272 886 κελαδεινή,

22 1080 129 1113 ὅκου,
162 1077 201 1105 ut
223 1072 316 1107 infra
344 1074 420 1108 218.
455 1073 574 1106 similis
607 1073 702 1107 locus
733 1080 787 1107 est
809 1071 854 1114 v'‚

41 1121 106 1158 18,
134 1120 189 1153 19.

14 1168 24 1211 '2
87 1165 257 1200 61-66,
290 1163 394 1204 „loci
418 1164 519 1208 hujus
552 1161 728 1207 ὑπερφυα
753 1177 853 1208 φαν-

39 1208 210 1252 τάσματα
241 1209 383 1243 miratus
407 1210 585 1254 Longinus
617 1214 650 1253 ἓ.
676 1213 709 1246 9.
738 1216 854 1245 tamen

9 1185 200 1310 kdamnat,
224 1261 384 1301 tanquam
410 1256 572 1302 φοβερὰ,
607 1258 704 1302 πλήν
731 1257 854 1301 εἰμὲν

8 1308 23 1337 x!
40 1301 119 1336 κατ’
144 1300 368 1346 ἀλληγορίαν
391 1301 637 1348 λαμβάνοιτο,
673 1303 735 1338 καὶ
758 1317 854 1338 παν·

9 1338 24 1383 al
39 1346 203 1383 τάπασιν
226 1348 339 1389 ἄθεα,
363 1349 426 1384 καὶ
446 1349 492 1383 οὐ
517 1349 681 1391 σώζοντα
704 1348 746 1384 τὸ
767 1351 851 1394 πρέ-

7 1386 23 1441 q}
39 1408 125 1430 πον.
162 1395 231 1436 cf.‚
257 1395 287 1428 si
311 1395 399 1428 tanti
424 1401 498 1436 est,
534 1396 622 1429 Plat.
647 1396 669 1430 l.
695 1396 738 1429 de
762 1397 852 1442 Rep.

8 1443 22 1479 ιζ
38 1443 73 1476 2.
97 1441 159 1474 sub
184 1442 284 1474 finem
310 1447 346 1475 et
368 1443 401 1477 3.
425 1441 617 1486 principio,
641 1441 721 1476 item
747 1455 852 1476 anuo-

8 1482 19 1491 ”
40 1492 114 1521 tata
151 1487 195 1520 ad
227 1489 284 1523 33.
327 1487 482 1521 imitatur
512 1488 609 1521 Naso
644 1488 784 1522 Metam.
816 1491 851 1530 5,

38 1534 118 1569 256.
144 1539 180 1567 et
213 1534 256 1574 2,
288 1533 369 1568 260.
417 1533 513 1577 Virg.
548 1536 634 1567 Aen.
677 1536 719 1575 8,
751 1536 852 1570 241.=

40 1585 78 1613 at
100 1591 220 1623 specus
253 1584 287 1614 et
313 1580 396 1613 Caci
427 1580 566 1613 detecta
600 1582 767 1624 apparuit
798 1582 853 1614 in-

38 1637 126 1671 gens
142 1626 260 1670 Regia
273 1651 283 1667 ,
307 1631 341 1660 et
357 1627 535 1660 umbrosae
552 1629 691 1670 penitus
705 1634 853 1671 patuere

9 1670 11 1674 ⁴
39 1683 233 1713 cauernae3
268 1672 348 1705 Non
371 1684 467 1706 secus
497 1685 538 1706 ac
573 1674 603 1706 si
625 1677 694 1718 quei
715 1676 854 1718 penitus

39 1718 76 1751 vi
100 1723 195 1751 terra
219 1718 396 1752 dehiscens
412 1720 572 1762 Infernas
594 1726 722 1754 reseret
743 1721 853 1761 sedes,

41 1769 76 1798 et
98 1776 211 1809 regna
232 1765 392 1798 recludat
413 1765 552 1798 Pallida
576 1766 628 1799 dis
646 1766 771 1808 invisa,
796 1779 853 1800 su-

13 1826 18 1851 ,
38 1822 168 1855 perque
185 1812 336 1844 immane
357 1812 559 1844 barathrum
574 1813 758 1855 Cernatur,
782 1819 852 1847 tre-

39 1857 228 1901 pidenlque
243 1858 392 1890 immisso
415 1859 542 1892 lumt'ne
565 1858 724 1892 Manes.“
748 1860 779 1893 F:
798 1859 852 1893 Cl.

43 1921 87 1928 —
111 1899 402 1947 ὑπένερθεν,
429 1905 557 1947 subter,
582 1904 617 1937 in
640 1910 755 1946 terra,
778 1905 853 1940 sive

42 1949 105 1983 rub
136 1950 212 1993 ejus
234 1949 445 1994 superficie,
486 1962 555 1984 non
584 1950 677 1984 infra
712 1957 852 1995 terram,

42 1994 100 2028 ubi
125 2002 179 2029 est
203 1995 394 2039 Tartarus,
421 1994 555 2032 τόσσον
580 1993 701 2039 ἔνερθ’
725 1995 853 2040 ἀΐδεω,

43 2037 132 2076 ὅσον
156 2039 319 2084 οὐρανός
341 2040 413 2077 ἐστ’
437 2041 513 2078 nino
539 2044 647 2088 γαίης
672 2043 741 2087 (θ’,
765 2046 852 2087 16.),

42 2087 134 2132 quod
165 2087 252 2121 idem
283 2088 455 2124 Hesiodus
488 2090 625 2134 Theog.
655 2091 734 2125 720.
764 2091 852 2125 dixit

41 2132 175 2169 τόσσον
198 2132 327 2178 ἔνερθ’
352 2133 429 2170 ’ὑπὸ
453 2136 542 2180 γῆς,
577 2134 665 2171 ὅσον
690 2134 853 2181 ου’ρανός

42 2177 114 2214 ἐστ’
137 2179 212 2215 ἀπὸ
235 2183 363 2226 γαίης,
388 2181 547 2227 quoniam
569 2181 679 2227 ἀΐδης
701 2183 777 2217 sive
795 2195 852 2218 re-

42 2237 146 2270 gnum
177 2226 366 2261 Inferorum
404 2228 582 2273 cogitatur
622 2240 703 2274 pars
735 2235 852 2264 terrae

42 2272 180 2313 infima,
203 2273 240 2306 in
263 2274 327 2306 der
350 2274 463 2316 Erde,
487 2285 554 2308 non
577 2281 679 2309 unter
702 2277 764 2310 der
784 2277 852 2310 Er-

10 2344 12 2363 3
43 2319 107 2358 de,
130 2329 322 2362 quanquam
346 2325 382 2353 et
398 2320 561 2355 Germani
585 2333 688 2366 saepe
712 2322 777 2357 hoc
797 2322 851 2356 di-

44 2369 139 2404 cunt,
163 2363 248 2398 illud
273 2364 488 2410 intelligunt3
513 2369 792 2412 quemadmodum
815 2368 852 2403 in

43 2409 236 2444 definiendo
279 2411 351 2444 situ
385 2412 460 2456 ejus
494 2413 592 2457 regni
631 2426 689 2459 ap.
729 2417 850 2459 poetas

42 2466 188 2500 graecos
222 2455 374 2490 titubare
407 2458 519 2492 solent
550 2458 617 2493 viri
649 2460 849 2495 doctissimi.

42 2512 76 2536 ν.
104 2502 241 2538 Volker.
263 2504 348 2536 iiber
369 2503 498 2538 homer.
525 2505 652 2550 Geogr.
677 2518 709 2540 u.
740 2508 851 2542 Wolt-

40 2548 153 2582 kunde
177 2559 211 2593 p-
240 2549 341 2591 141„
366 2549 422 2583 cui
445 2556 555 2585 tamen
576 2552 644 2586 duo
667 2563 775 2597 regna
793 2553 852 2587 ln-

40 2593 191 2628 ferorum
205 2594 355 2629 sumenti
370 2595 463 2630 haud
480 2597 662 2640 assentior,
681 2600 743 2633 sed
761 2599 851 2645 quod

40 2638 127 2673 dicit
167 2651 349 2684 regnorum
391 2642 536 2677 istorum
570 2645 751 2689 superius,
794 2647 851 2680 die

39 2685 273 2721 aber-irdiache
298 2687 527 2731 Torssenwest,
548 2689 632 2724 nihil
658 2691 753 2724 aliud
775 2702 852 2727 esse

42 2735 124 2774 puto
163 2743 265 2777 quam
304 2734 480 2769 introitum
512 2735 612 2770 Orci.
658 2747 850 2783 quanquam

41 2777 187 2811 obscure
210 2778 253 2813 de
275 2780 431 2815 obscuris
453 2781 550 2816 hisce
578 2782 683 2817 rebus
705 2782 850 2828 loquun-

39 2830 97 2856 tut
130 2827 264 2858 veteres
295 2828 442 2871 poetae,
472 2839 536 2862 nec
571 2828 638 2862 sibi
670 2836 847 2871 constant3

39 2868 75 2902 id
99 2869 191 2913 quod
222 2870 299 2916 ipse
321 2872 487 2907 Volkerus
515 2874 699 2909 intellexit.
743 2876 789 2909 cf.
814 2876 845 2910 J.

40 2915 84 2948 H.
119 2915 216 2949 Vou.
248 2917 329 2952 krit.
353 2918 492 2953 Blatter
516 2922 546 2956 1.
580 2932 615 2966 p.
647 2922 727 2963 95..
752 2923 787 2958 2.
811 2933 845 2966 p.

35 2961 129 3004 306„
153 2961 329 3007 ipsumque
353 2964 533 3000 Homerum
552 2967 734 3012 Odysseae
756 2967 844 3002 libro

37 3008 94 3047 10,
116 3008 330 3044 504—515.
351 3029 397 3035 —
421 3009 670 3055 εὐρώεντα
693 3013 842 3059 (Odyss.

0 3050 7 3138 γε

0 3164 6 3277 ὲ

27 245 30 265 l

26 297 29 321 ³

26 345 29 364 1

20 426 33 584 jl'
214 498 332 540 οἰκία
362 495 408 539 δὲ
435 500 640 550 θνητοῖσι
670 496 743 538 καὶ
774 492 1036 536 ἀθανάτοισι
1065 491 1225 548 φανείη

20 636 24 667 l

17 685 24 718 ἶ

16 725 23 760 i

218 897 403 946 Αρτεμις
432 890 650 946 ἰοχέαιρα,
681 889 921 946 κασιγνήτη
951 891 1168 933 Εκάτοιο·

212 953 352 1003 Λητοῖ
378 945 422 991 δ’
451 947 632 1004 ἀντέστη
662 951 825 999 σῶκος,
857 944 1078 1001 ἐριούνιος
1103 945 1283 1000 Ἑρμῆς·

900 1070 957 1112 κ’,
982 1071 1073 1113 512,
1100 1068 1163 1113 ψ’,
1186 1070 1276 1108 322,
1302 1064 1362 1109 ω’,
1391 1065 1486 1109 10.),
1509 1065 1564 1118 ‘ab
1589 1060 1718 1107 ειῖρώς,

900 1129 1035 1158 mucor,
1071 1117 1219 1150 mucoris
1250 1110 1585 1167 plena,‚squalida,
1619 1116 1719 1167 tene-

903 1163 1049 1197 bricosa.
1093 1162 1180 1196 male
1213 1163 1300 1206 Ap.:
1345 1159 1542 1202 ευρώεντα.
1593 1169 1716 1207 ευρεᾳ,

902 1207 1176 1252 ἀνατεταμένα,
1207 1209 1250 1241 ab
1275 1201 1394 1248 εὖρος.
1446 1203 1621 1256 ῌεε)ὀῖι.;
1652 1215 1718 1257 ,ευ-

901 1256 1053 1299 ρώεντα.
1094 1253 1244 1289 πλατέα.
1287 1263 1469 1288 σκοτεινα.
1505 1269 1551 1274 -
1603 1262 1660 1307 τὶα
1671 1261 1717 1303 τέ

902 1313 1023 1346 στυγ.
1048 1303 1164 1336 θεοί
1190 1313 1286 1345 περ.
1319 1300 1349 1332 h.
1372 1311 1402 1333 e.
1421 1311 1453 1332 τ.
1474 1307 1524 1330 στ.
1549 1297 1637 1330 θεοι
1656 1296 1717 1339 δη.

899 1360 933 1382 v.
960 1349 1067 1383 Scbn.
1092 1348 1127 1381 in
1151 1345 1239 1391 πὲρ,
1270 1345 1385 1390 Viget.
1414 1344 1557 1396 7,.10,
1574 1353 1609 1386 p.
1635 1342 1717 1377 441.

901 1394 1050 1428 oderunt
1072 1400 1215 1428 mortem
1244 1399 1280 1425 et
1303 1391 1425 1425 mortis
1455 1400 1637 1432 imaginem
1661 1400 1719 1422 re-

899 1440 1049 1474 ferentia
1072 1440 1281 1474 immortales
1305 1439 1364 1472 dii.
1386 1454 1431 1462 —
1464 1435 1565 1491 S'cha
1590 1436 1718 1477 ξυνι-

903 1486 1070 1522 όντων.
1108 1487 1225 1529 (159,
1251 1484 1305 1526 δ’,
1329 1484 1421 1527 446,
1451 1495 1477 1516 π
1497 1506 1508 1522 ,
1532 1482 1601 1516 476
1628 1482 1718 1525 etc.)

901 1531 1190 1577 συνερχομένων.
1483 1573 1491 1580 .

946 1580 1003 1614 68.
1035 1579 1083 1614 lu?
1107 1575 1390 1619 πτερόεντα.
1425 1573 1614 1608 scribamus
1635 1572 1721 1615 ἰούς

898 1625 1131 1669 πτερόεντας,
1176 1622 1232 1665 ἰὸς
1266 1631 1321 1658 est
1358 1622 1520 1667 sagitta,
1562 1620 1622 1655 ἴον
1654 1620 1719 1654 flos

900 1673 974 1716 ejus
998 1671 1162 1712 nominis,
1189 1682 1289 1716 quem
1313 1675 1427 1703 tamen
1455 1678 1622 1711 nusquam
1646 1678 1720 1701 me-

899 1724 1010 1752 morat
1025 1718 1206 1752 Homerus,
1238 1716 1406 1751 vocabula
1427 1712 1486 1754 ἰός
1507 1719 1542 1746 et
1563 1713 1614 1748 ἰοὶ
1631 1724 1720 1757 qua-

899 1764 954 1798 vis
979 1764 1103 1809 pagina
1128 1764 1290 1808 leguntur
1315 1762 1349 1795 in
1371 1767 1519 1805 utroque
1543 1761 1621 1813 ejus·
1639 1771 1719 1813 car:—

900 1811 1011 1845 mine:
1036 1822 1096 1844 cur
1119 1811 1248 1854 igitur,
1274 1819 1423 1854 quaeso,
1460 1806 1563 1839 semel
1589 1806 1720 1859 dixerit

901 1856 970 1891 loz?
1002 1868 1090 1890 cave
1122 1856 1262 1895 credas,
1298 1854 1360 1887 sed
1387 1868 1410 1888 α
1435 1860 1472 1886 et
1497 1864 1543 1886 ov
1568 1863 1644 1885 cum
1669 1862 1720 1885 si-

899 1903 993 1937 milia
1014 1902 1085 1936 sint
1108 1903 1144 1936 in
1163 1901 1277 1935 multis
1295 1899 1412 1941 codd.,
1438 1899 1531 1932 forte
1550 1898 1719 1943 scriptum

901 1955 956 1983 est
979 1947 1041 1988 ἰοὶς
1065 1959 1127 1994 pro
1154 1948 1258 1989 ἰοῦς,
1282 1957 1360 1981 mox
1378 1946 1464 1980 data
1489 1955 1597 1990 opera
1622 1943 1719 1989 posi-

900 2001 971 2029 tum
987 2007 1007 2029 a
1025 2001 1222 2029 correctore
1240 1991 1293 2036 ἰα,
1314 1991 1718 2044 ςυοωῆἀωοάυωιὴοιῐιο

899 2041 1034 2086 legerat
1058 2041 1117 2075 ἴαε
1142 2052 1208 2086 quo
1233 2041 1351 2080 facto,
1375 2039 1480 2072 etiam
1496 2049 1719 2080 πτεροεντας

897 2087 1092 2121 mutandum
1127 2087 1212 2128 fuit,
1255 2097 1322 2132 quo
1365 2095 1479 2119 novae
1519 2083 1718 2130 scripturae

898 2135 1110 2168 conveniret.

943 2180 1112 2215 70—74.
1144 2177 1524 2224 χρυσηλάκατος.
1548 2175 1610 2232 πῖ,
1636 2177 1715 2232 18:33·

897 2244 942 2251 —
979 2226 1216 2271 ἰοχέαιρα,
1253 2224 1300 2266 ε’,
1331 2226 1376 2260 53
1404 2229 1474 2258 etc.
1503 2242 1549 2248 -—
1600 2226 1718 2259 Εκα-

897 2285 1016 2309 τοιο.
1041 2272 1102 2314 α’,
1124 2274 1205 2308 385.
1225 2291 1269 2296 -
1308 2270 1607 2325 seha-affixos.
1631 2268 1718 2315 ἤτοι

898 2315 918 2356 ὁ
944 2318 1112 2364 ἰσχυρός·
1145 2318 1275 2355 caineto
1299 2317 1371 2362 γάρ
1395 2330 1439 2353 το
1464 2316 1615 2360 ἰσχύειν.
1649 2317 1717 2350 hoc

897 2367 1091 2401 tenendum.
1138 2365 1238 2401 nauci
1270 2376 1337 2398 non
1371 2368 1445 2405 est,
1479 2363 1575 2408 quod
1598 2362 1716 2414 addit:

897 2409 921 2457 ἢ
946 2411 1152 2457 σοούμενος
1185 2410 1330 2454 ὠκέως,
1364 2407 1556 2445 τουτέστιν
1590 2410 1718 2462 ορμοῖν

896 2459 1054 2503 ταχέως·
1077 2457 1228 2504 ἄγγελος
1244 2457 1315 2503 γάρ
1337 2453 1357 2492 ὁ
1374 2455 1479 2497 θεός.
1513 2467 1576 2490 nec
1598 2454 1717 2489 mehor

898 2506 1042 2551 Apionis
1065 2506 1198 2540 notatio
1221 2517 1277 2550 ap.
1297 2507 1363 2548 Ap.
1386 2503 1473 2537 haec
1491 2502 1621 2542 σῶκος,
1645 2511 1717 2536 σω-

900 2558 1050 2593 σιοικος,
1076 2563 1176 2598 quam
1199 2558 1312 2586 tamen
1334 2549 1546 2584 notationem
1569 2547 1618 2581 illi
1639 2548 1716 2583 σαῖ-

897 2611 975 2640 κος,
1003 2597 1156 2640 σόωκος,
1183 2596 1203 2634 ὁ
1224 2597 1347 2638 ω’κέως
1366 2594 1585 2638 σοούμενος,
1611 2605 1716 2639 prae-

898 2645 970 2679 fert
992 2644 1170 2690 Sophista.
1203 2645 1266 2678 sed
1287 2644 1391 2682 idem,
1417 2641 1474 2676 vel
1499 2640 1614 2674 nescio
1638 2641 1715 2685 quis

898 2691 1005 2733 alius,
1039 2692 1096 2737 qui
1127 2692 1202 2736 ejus
1236 2688 1491 2724 annotationem
1525 2686 1715 2731 locupleta-

895 2737 968 2771 vit:
1002 2739 1159 2773 οιόκον
1191 2732 1262 2774 οὖν
1295 2733 1525 2777 συνωνύμως
1551 2733 1714 2786 toi-upa-

894 2781 973 2825 τός.
1016 2784 1099 2828 (hic
1127 2784 1197 2818 ista
1230 2782 1389 2828 ponenda
1431 2790 1509 2814 esse
1546 2779 1712 2820 arbitror,

895 2841 986 2875 quae
1002 2829 1038 2864 in
1057 2830 1154 2864 libris
1172 2830 1331 2874 leguntur
1349 2832 1427 2874 post
1447 2823 1711 2884 ἀπαγγέλλειν.)

893 2877 1036 2922 λέγεται
1058 2877 1121 2911 καὶ
1147 2874 1198 2911 δι’
1227 2875 1346 2910 ἄλλων
1379 2871 1518 2917 κρατύς
1551 2876 1711 2916 Αργει-

895 2921 1083 2967 φόντης
1108 2920 1187 2964 (π’,
1214 2922 1277 2957 181
1302 2923 1410 2962 etc.)‚
1445 2918 1508 2953 καὶ
1541 2918 1625 2963 (hoc
1649 2929 1711 2952 ex-

892 2969 1002 3012 cidit,
1031 2975 1071 3004 ut
1100 2966 1141 3003 δὲ
1171 2979 1227 3014 ap.
1261 2966 1528 3011 Aristophanem
1560 2964 1634 2998 loco
1659 2964 1708 3016 si-

891 3015 982 3057 mili,
1014 3015 1107 3050 Nub.
1131 3017 1186 3056 7.)
1219 3013 1285 3049 διὰ
1317 3012 1386 3057 τήν
1420 3010 1528 3056 ἰσχύν
1559 3010 1628 3056 τήν
1667 3018 1707 3046 εν
