1847 3277
672 90 1095 133 ΙΛΙΑΔΟΣ
1160 91 1212 131 Ψ.

1618 63 1761 134 ’255

268 207 401 248 τοῦτο
432 202 558 252 ἔπος·
592 200 757 256 μέλλεις
785 200 869 269 γάρ
902 198 1228 255 ἀφαιρήσεσθαι
1259 200 1433 252 ἄεθλον,

155 264 236 306 545
267 261 318 303 τοὶ
350 259 578 327 φρονέων,
610 257 677 300 ὅτι
707 259 751 301 οἱ
779 257 943 327 βλάβεν
969 257 1140 311 ἅρματα
1170 257 1243 299 καὶ
1272 256 1388 312 ταχέ’
1422 260 1553 311 ἵππω,

269 315 399 366 αυτός
428 333 455 370 γ
504 314 662 365 ἐσθλὸς
690 314 786 358 ἐών.

845 312 943 357 ἀλλ’
973 313 1171 372 ω’φελεν
1173 310 1464 357 ἀθανάτοισιν

267 374 493 442 εὔχεσθαι·
524 370 575 414 τό
605 387 680 414 κεν
712 370 810 414 οὔτι
837 369 1116 420 πανύστατος
1144 365 1251 424 ἦλθε
1281 369 1466 414 διώκων.

265 432 301 472 εἰ
332 429 378 472 δέ
406 445 495 498 μιν
513 429 757 480 οἰκτείρεις,
789 429 863 470 καί
891 443 960 470 τοι
987 428 1120 480 φίλος
1151 427 1299 469 ἔπλετο
1329 431 1479 481 θυμω,

265 487 353 530 ἔστι
380 502 449 528 τοι
479 484 526 526 ἐν
539 486 699 555 κλισίῃ
729 483 887 539 χρυσὸς
916 483 1073 537 πολύς,
1106 483 1195 527 ἔστι
1225 483 1270 526 δέ
1299 483 1470 537 χαλκός,

149 546 233 587 550
263 543 335 585 καὶ
364 539 566 595 πρόβατ’
596 542 678 584 εἰσὶ
708 543 754 584 δέ
785 558 854 584 τοι
885 541 1046 594 δμωαὶ,
1077 540 1151 582 καὶ
1179 538 1374 594 μώνυχες
1407 541 1556 583 ἵπποι·

261 603 350 641 τῶν
381 600 424 640 οἱ
453 596 587 640 ἔπειτ’
619 596 788 640 οἶνελών
819 597 1000 652 δόμεναι
1029 597 1099 638 καὶ
1130 601 1276 668 μεῖζον
1306 597 1486 645 ἄεθλον,

257 654 305 710 ἠὲ
335 656 406 698 καὶ
438 653 593 698 αὐτίκα
623 658 730 705 νῦν,
765 655 838 698 ἵνα
869 653 916 697 6'

947 653 1186 724 αἰνήσωσιν
1210 651 1383 709 Ἀχαιοί.

258 713 338 782 τὴν
371 710 415 754 δ’
447 711 529 765 ἐγώ
562 709 616 753 οὐ
647 712 796 754 δώσω·
834 711 931 763 περὶ
962 708 1004 753 δ’
1038 708 1174 764 αὐτῆς
1204 708 1456 779 πειρηθήτω

259 767 436 820 ἀνδρῶν
467 767 514 819 ὅς
544 767 591 811 κ’
621 768 822 824 ἐθέλῃσιν
850 767 946 822 ἐμοὶ
975 768 1163 822 χείρεσσι
1192 766 1451 822 μάχεσθαιέ(

375 847 495 893 itaque
515 848 690 882 thoracem
715 848 900 893 pretiosum
925 847 1067 881 Eumelo
1091 847 1167 881 dari
1188 847 1299 891 jubet.

143 919 226 961 555

329 913 412 965 Ὡς
440 914 578 968 φα’το’
611 916 812 985 μείδησεν
844 916 890 959 δὲ
918 914 1144 973 ποδάρκης
1177 916 1271 964 δῖος
1299 912 1525 970 Ἀχιλλεύς,

254 973 419 1027 χαίρων
445 971 698 1042 Ἀντιλόχῳ,
731 972 798 1015 ὅτι
829 974 873 1015 οἷ
902 974 1042 1042 φίλος
1062 974 1138 1027 ἦεν
1168 971 1351 1024 ἑταῖρος,

253 1030 327 1071 καί
356 1045 430 1081 μιν
460 1027 748 1099 οἷμειβόμειος
778 1030 879 1071 ε’πεα
910 1027 1147 1081 πτερόεντα
1177 1027 1431 1097 προσηύδα·

331 1083 563 1154 ,Ἀντίλοχ’
568 1119 578 1136 ,
610 1086 646 1127 εί
675 1085 755 1139 μὲν
785 1085 841 1155 δή
869 1101 920 1139 με
949 1085 1135 1134 κελεύεις
1163 1087 1343 1127 οίκοθεν
1375 1085 1482 1128 ἄλλο

252 1138 442 1197 Εὐμήλω
474 1141 725 1190 ἐπιδοῦναι,
758 1141 841 1195 ἐγω
874 1142 920 1184 δέ
949 1158 996 1184 κε
1027 1142 1101 1183 καὶ
1130 1141 1179 1183 τὸ
1209 1142 1407 1184 τελέσσω.

139 1201 221 1241 560
252 1196 379 1239 δώσω
411 1199 454 1240 οἱ
481 1197 690 1268 θώρηκα,
719 1197 798 1241 τόν
825 1197 1130 1251 Ἀστεροπαῖον
1162 1196 1389 1267 ἀπηύρωι,

250 1253 459 1308 χάλκεον,
490 1255 524 1310 ᾧ
554 1256 653 1309 πέρι
683 1258 820 1309 χεῦμα
853 1259 1044 1308 φαεινοῦ
1075 1255 1349 1307 κασσιτέροιο

251 1299 606 1368 α’μφιδεδίνηται·
637 1311 795 1362 πολέος
824 1312 870 1354 δέ
898 1313 942 1354 οἱ
970 1311 1088 1362 ἄξιος
1115 1312 1245 1354 ἔ.σται
1252 1317 1278 1335 “

335 1369 393 1408 Η
418 1369 496 1422 ῥα,
529 1367 604 1410 καὶ
633 1365 948 1440 Αὐτομέδοντι
959 1371 1073 1426 φίλι-τ
1106 1369 1328 1412 ἐκέλευσεν
1355 1368 1512 1424 εταίρῳ

250 1423 472 1477 οἰσέμεναι
502 1425 746 1496 κλισίηθεν·
781 1425 804 1468 6
837 1424 879 1467 6’
911 1424 1067 1496 ὤχετο,
1100 1427 1175 1467 καί
1205 1443 1247 1468 οι
1277 1425 1453 1468 ἔνεικεν.

136 1482 216 1523 565
250 1479 442 1537 Εὐμήλῳ
475 1479 519 1524 δ’
553 1481 600 1523 ἐν
629 1482 750 1537 χερσὶ
779 1484 914 1525 τίθει·
948 1483 972 1525 6
1005 1481 1049 1525 δ’
1079 1482 1251 1534 ἐδέξατο
1281 1485 1461 1538 χαίρων.

295 1560 474 1594 contendit
497 1572 570 1594 cum
596 1560 778 1594 Antilocho
803 1561 984 1595 Menelaus
1007 1561 1051 1595 de
1075 1563 1227 1596 secundo
1252 1561 1413 1607 praemio.

328 1631 452 1671 Τοῖσι
482 1629 528 1672 δὲ
558 1628 632 1672 καὶ
661 1629 891 1680 Μενέλαος
923 1627 1146 1677 ἀνίστατο,
1179 1630 1327 1685 θυμὸν
1357 1629 1539 1687 ἀχεύων,

244 1680 470 1755 Ἀντιλόχῳ
501 1684 671 1740 ἄμοτον
700 1685 1012 1742 κεχολωμένος
1044 1703 1091 1730 εν
1122 1684 1168 1729 δ’
1198 1686 1287 1741 ἄρα
1315 1691 1455 1742 κῆρυξ

241 1741 362 1810 χερσὶ
392 1746 619 1813 σκῆπτρον
648 1743 799 1799 ε’θηκε,
816 1744 1046 1798 σιωπῆσαί
1075 1741 1116 1787 τ’
1149 1743 1369 1789 ἐκέλευσεν

244 1796 482 1854 Ἀργείους·
516 1799 540 1843 6
573 1797 619 1843 δ’
651 1816 798 1844 επειτα
827 1799 1020 1857 μετηύδα
1050 1800 1226 1852 ἰσόθεος
1257 1801 1372 1857 φώς’

72 1910 220 1943 moribus
244 1910 381 1955 implet,
416 1914 647 1958 Ereptumque
679 1903 756 1947 dolo
786 1915 887 1948 oeddi

72 1957 136 1988 sibi
158 1957 265 2000 poscit
291 1958 491 1992 honoremf‘
516 1960 567 1994 Cl.
599 1979 644 1984 —
676 1959 732 1994 τὰ
766 1973 884 2005 φρο-

72 2001 200 2037 νέων.
236 2004 357 2038 ταῦτα
383 2019 467 2048 φρ,
501 2007 586 2039 haec
615 2007 798 2051 cogitans,
831 2007 885 2041 his

72 2052 201 2089 motus,
225 2061 316 2093 quae
335 2051 490 2085 dicturus
511 2058 575 2087 est.

115 2095 195 2129 546.
247 2094 357 2136 αὐτός
380 2096 415 2142 γ’
443 2097 575 2137 ἐσθλὸς
600 2096 691 2139 ἐὼν,
717 2100 885 2143 cumipse

70 2142 205 2184 quidem
217 2143 262 2176 sit
275 2155 425 2187 gnavus.
449 2145 647 2201 nominativi
668 2157 884 2202 consequen-

70 2187 150 2221 tiae.
186 2199 365 2233 perperam
388 2190 487 2223 libri·
511 2190 626 2232 αὐτός
652 2190 685 2226 τ’
713 2191 741 2228 ἑ.
765 2190 793 2228 ἐ.
827 2198 880 2226 ta-

71 2232 115 2266 lia
135 2234 250 2277 quivis
275 2235 412 2289 impune
431 2236 594 2280 corrigat.

115 2281 194 2321 548.
229 2281 426 2316 carissimus
442 2283 565 2316 Achilli
582 2283 649 2317 suit
666 2284 879 2318 Antilochus.

94 2327 202 2360 ..556-
241 2327 502 2370 Agamemnonis
533 2329 642 2364 anima
652 2331 797 2386 Odyss.
825 2329 877 2372 ω’,

70 2373 147 2406 76.:
173 2370 212 2406 ἐν
235 2375 285 2416 τῷ
311 2387 369 2411 τοι
391 2379 510 2410 κεῖται
525 2374 623 2410 λεύκ’
642 2375 764 2417 ὀστέα,
789 2378 879 2421 φαί-

69 2415 151 2462 διμ’
168 2408 336 2462 Ἀχιλλεῦ,
355 2422 482 2465 ΙΙΙίγδοι
502 2420 541 2456 δε
557 2421 789 2464 Πατρόκλοιο
802 2427 879 2458 Ms-

66 2463 261 2500 νοιτιοῖδαο
284 2466 494 2508 θανόντος·
518 2468 700 2510 Χωρὶςδ’
723 2467 879 2504 Ἀντιλό-

65 2523 168 2555 χοιο,
192 2511 262 2550 τόν
287 2512 396 2556 ἔξοχα
418 2518 492 2554 τῖες
517 2512 695 2550 ἁπάντων
716 2518 799 2551 Τῶν
814 2515 878 2550 ἄλ-

66 2561 138 2592 λων
168 2557 310 2602 ἑτάρων
341 2560 434 2603 μετὰ
472 2561 693 2605 Πάτροκλόν
727 2575 767 2607 γε
800 2565 876 2598 θα-

64 2601 191 2639 vdua.

63 2651 189 2730 2625&
236 2647 405 2696 αὐτῆς,
429 2665 542 2698 equae
565 2665 639 2687 cum
666 2654 770 2699 pullo.
795 2654 876 2697 265,

108 2743 188 2777 559.
230 2743 309 2777 Ald.
332 2746 364 2781 3.
388 2745 475 2779 etT
496 2746 680 2780 secundum
701 2746 812 2786 Rom„
837 2753 876 2781 ut

63 2787 241 2832 suspicor:
275 2787 344 2834 ἐγω
370 2789 409 2826 δὲ
434 2791 495 2827 καὶ
520 2791 561 2827 τὸ
588 2805 618 2825 τ.
631 2819 639 2834 ,
674 2792 764 2837 quod
799 2794 874 2837 pla-

64 2833 146 2867 cuit-
160 2834 317 2887 Bentlejo
346 2842 381 2870 et
402 2838 567 2892 Heyneo,
594 2838 790 2896 aptarique
797 2839 873 2873 sine

62 2879 199 2933 negotio
229 2886 345 2925 posset
377 2884 490 2917 versui
519 2884 700 2919 scribendo
725 2883 794 2928 ἐγώ
822 2884 869 2930 δὴ

932 1915 975 1948 de
996 1927 1065 1961 qua
1087 1928 1120 1948 v.
1143 1927 1220 1949 anu.
1242 1914 1284 1949 ad
1309 1917 1379 1952 310
1395 1920 1461 1953 etc.
1493 1917 1688 1961 germanice
1708 1918 1746 1953 id

932 1963 1046 1996 dicas=
1070 1974 1106 1996 so
1131 1964 1203 1996 will
1226 1963 1282 1995 ich
1306 1963 1389 1997 Dies
1411 1965 1501 1996 uokl
1525 1965 1683 2007 ersz'cllen.

977 2032 1057 2066 562.
1104 2030 1206 2064 Sch.=
1243 2029 1350 2087 οἳμφ.
1390 2032 1539 2077 (Odyss.
1561 2031 1615 2074 θ’,
1641 2033 1742 2078 405)

932 2071 960 2111 ὦ
990 2076 1110 2123 κύκλῳ
1134 2076 1365 2121 περικέχυται
1397 2084 1416 2112 o
1452 2081 1673 2125 κασσίτερος.
1697 2098 1744 2107 -·

930 2124 1140 2165 ,,πολέος
1168 2143 1203 2147 -
1231 2124 1379 2160 ἔσται.
1415 2126 1532 2160 Odvss
1565 2126 1617 2165 θ’,
1642 2127 1743 2163 405.=

930 2169 999 2212 (ι’-ορ
1027 2191 1071 2196 —-
1098 2170 1230 2211 πολέος
1263 2171 1303 2206 δέ
1337 2172 1372 2206 οἱ
1409 2171 1514 2214 ἄξιον
1539 2184 1653 2208 εστοιι.
1695 2175 1742 2210 cs.

927 2218 1016 2258 885,
1043 2215 1086 2257 θ’,
1110 2218 1214 2252 719.“
1239 2217 1359 2251 Exn.

973 2276 1051 2310 565.
1101 2275 1245 2309 omissus
1274 2280 1326 2309 est
1351 2275 1407 2310 hic
1432 2287 1551 2310 versus
1580 2278 1614 2312 in
1641 2280 1727 2314 Ven.
1719 2305 1742 2322 .‚

925 2320 1077 2363 Tou-„nl
1105 2322 1202 2355 Vrat.
1223 2325 1250 2356 A
1277 2328 1313 2356 et
1338 2323 1357 2356 b
1381 2328 1416 2356 et
1431 2334 1497 2356 uno
1515 2324 1613 2359 Vind.
1632 2337 1742 2370 quare

925 2367 1058 2400 uncinis
1085 2379 1159 2401 eum
1185 2368 1327 2403 inclusit
1354 2370 1421 2410 W,
1456 2380 1518 2403 nec
1547 2371 1742 2407 desiderari

926 2414 1024 2456 ajunt
1050 2414 1133 2447 Em,
1156 2419 1191 2447 et
1218 2414 1260 2449 H.
1288 2426 1404 2450 verum
1427 2415 1476 2449 ita
1495 2416 1644 2459 dubites,
1668 2419 1741 2453 utri

925 2459 1100 2493 thoracem
1128 2460 1256 2494 afferre
1279 2460 1418 2495 dicatur
1438 2463 1669 2505 Automedon,
1691 2467 1740 2499 A-

926 2505 1064 2539 chilline
1088 2516 1132 2539 an
1165 2506 1324 2548 Eume103
1361 2508 1453 2552 quod
1496 2520 1561 2541 non
1591 2516 1645 2542 est
1675 2521 1738 2555 pro

925 2551 1175 2596 perspicuitate
1202 2553 1396 2588 Homerica.
1431 2566 1464 2587 v.
1492 2555 1616 2590 similia
1642 2557 1736 2591 infe-

923 2597 995 2630 rius
1019 2599 1110 2639 597,
1134 2598 1222 2640 624,
1246 2600 1334 2639 797,
1360 2598 1406 2641 α’,
1434 2599 1514 2641 446,
1540 2602 1668 2645 odyss.
1681 2602 1735 2646 θ,

923 2642 1011 2685 483,
1037 2643 1079 2687 ξ’,
1107 2646 1172 2679 113
1195 2649 1260 2678 etc
1297 2651 1445 2679 ceterum
1468 2646 1501 2679 in
1523 2648 1640 2682 verbis
1660 2649 1736 2685 Εὖ-

922 2689 1025 2735 μήλῳ
1052 2710 1094 2716 -
1114 2693 1213 2725 τίθει
1238 2691 1493 2735 intelligendum
1512 2699 1566 2726 est
1592 2695 1735 2731 Achillis

922 2748 1052 2779 nomen,
1076 2737 1131 2770 vel
1154 2737 1296 2772 eundem
1315 2738 1514 2782 significans
1532 2751 1731 2787 pronomen,

920 2782 1031 2827 ellipsi
1053 2783 1194 2817 usitata.

963 2841 1194 2875 566-578.
1242 2837 1494 2875 ἀνίστατο.
1536 2841 1586 2877 εἷο
1618 2844 1730 2881 solent

918 2892 1084 2921 oratores.
1125 2898 1158 2920 v.
1193 2886 1321 2944 Odyss.
1355 2885 1401 2931 β’,
1433 2889 1502 2930 36,
1536 2888 1575 2924 ΙΙ.
1598 2889 1645 2934 β’,
1681 2894 1728 2928 96

59 2925 122 2960 καὶ
147 2923 190 2960 τὸ
214 2939 245 2960 τ.
260 2940 272 2969 ‚-
296 2927 371 2962 sed
378 2930 478 2963 nolim
499 2930 606 2965 deleni
618 2931 768 2989 elegans
784 2932 868 2966 illud
915 2943 1014 2987 seqq.
1040 2951 1083 2957 —
1106 2931 1267 2976 θυμὸν
1293 2931 1490 2978 αχεύων.
1516 2932 1547 2969 σ’
1551 2935 1653 2979 ,,461
1679 2959 1725 2966 -—

60 2953 360 3016 temperamentum
383 2976 567 3018 orationis,
593 2975 632 3012 κὲ
653 2978 869 3022 particulam,

917 2976 1110 3023 ἄμοτον.
1138 2977 1182 3021 δ’,
1201 2977 1352 3014 440etc
1377 2981 1548 3016 —Scha
1573 2981 1617 3025 ἐς
1642 2984 1722 3027 μὲ-
