1847 3277
0 2587 15 2620 *a
0 2541 15 2564 ὃ
0 2451 14 2518 Τφ
0 2389 13 2434 :-

0 2640 17 2982 ’τ’ΞιῩΩεΤ-Ρι

0 3005 18 3075 30¹?

630 177 1055 223 ΙΛΙΑΔΟΣ
1118 180 1174 219 Σ.

1672 174 1729 216 73

245 296 282 339 εί
306 293 370 365 μή
400 291 450 350 μ’
481 289 726 347 Εὐρυνόμη
757 306 801 333 τε
835 287 957 338 Θέτις
985 286 1037 330 θ’
1066 284 1303 336 ’ὑπεδέξατο
1332 284 1505 343 κόλπῳ,

246 351 508 420 Εὐρυνόμη,
538 348 738 403 θυγάτηρ
771 343 1003 400 άψοῤῥόου
1032 341 1279 385 Ὠκεανοῖο.

133 411 215 453 400

245 412 346 478 τῇσι
373 405 480 460 παρ’
511 405 694 454 εἰνάετες
722 402 936 473 χάλκευον
965 401 1150 443 δαίδαλα
1179 396 1344 446 πολλοὶ,

245 464 417 518 πόρπας
445 478 511 514 τε,
541 460 766 515 γναμπτάς
795 458 843 502 θ’
874 458 1039 508 ἕλικας,
1070 454 1261 503 κάλυκάς
1288 470 1353 506 τε,
1384 454 1457 497 καὶ
1488 452 1681 509 ὅρμους,

248 521 296 564 ἐν
327 524 433 576 σπῆϊ
457 522 693 588 γλαφυρῷ,
720 517 836 587 moi„
858 516 904 557 δὲ
935 513 1039 567 ῥόος
1062 511 1294 554 Ὠκεανοῖο

248 576 379 648 οἷφρῷ
410 574 655 645 μορμύρων
683 574 778 627 ῥέεν
810 571 1015 620 ἄσπετος·
1048 567 1150 612 οὐδὲ
1181 584 1244 616 τις
1273 566 1408 616 άλλος

246 633 394 702 mem,
425 631 526 674 οὔτε
554 635 697 674 θεῶν
731 628 830 672 οὔτε
860 629 1039 681 θνητων
1071 622 1363 695 ἀνθρώπων,

135 691 217 734 405

248 688 356 732 άλλά
390 688 512 739 Θέτις
541 704 585 731 τε
613 687 685 730 καὶ
718 684 961 738 Εὐρυνόμη
990 684 1111 734 ἰ’σαν,
1143 682 1192 723 αἴ
1218 678 1258 732 μ’
1288 677 1498 722 ἐσάωσαν.

247 745 274 802 ἣ
304 750 390 788 νῦν
421 745 634 799 ἡμέτερον
665 742 802 797 δόμον
833 744 938 784 vm
969 743 1030 794 τῷ
1061 754 1112 794 με
1143 736 1259 791 μάλα
1289 735 1401 791 χρεώ

245 802 388 845 πάντα
420 802 520 844 Θέτι
548 790 885 854 καλλιπλοκάμῳ
918 795 1108 866 ζωάγρια
1139 796 1286 837 τίνειν.

245 857 356 902 αλλα
387 858 442 902 σύ
471 875 549 909 μεν
578 862 662 900 νῦν
694 859 737 900 οἱ
766 856 962 908 παραθες
994 850 1157 906 ξεινήια
1188 848 1320 913 καλα,

247 915 348 972 ὄφρ’
379 915 435 958 ἂν
464 914 546 971 εγώ
578 915 723 969 φύσας
753 913 1015 964 ἀποθείομαι
1045 907 1159 952 ὅπλα
1189 923 1232 950 τε
1261 905 1438 948 πάντα(

77 1050 173 1085 mihi.
209 1051 300 1095 quod
320 1051 354 1084 in
372 1051 611 1095 superioribus
630 1049 718 1083 dixit
741 1047 888 1091 ἄλγος,

77 1102 132 1131 est
155 1097 252 1131 dolor
272 1109 311 1130 ex
329 1109 422 1131 casu.
458 1097 499 1130 de
521 1096 729 1129 cruciatibus
752 1103 787 1128 et
805 1106 890 1138 sup-

81 1142 193 1222 plicii?
217 1143 355 1177 deorum
391 1155 422 1176 v.
449 1141 487 1184 ε’,
511 1143 735 1181 383-402,
769 1139 818 1183 o',
847 1142 889 1175 16

127 1235 216 1275 398,
248 1234 329 1268 399.
371 1233 413 1266 de
451 1234 643 1278 Eurynome
678 1245 710 1266 v.
746 1231 891 1266 Hesiod.

83 1280 219 1324 Theog.
243 1281 332 1319 358,
359 1280 514 1324 Apollod.
542 1283 572 1320 1,
594 1282 627 1321 2,
651 1282 683 1313 2.
710 1279 753 1313 ad
777 1280 892 1311 Ocea-

84 1338 164 1360 num
195 1332 231 1359 et
263 1332 414 1359 extrema
442 1334 558 1359 terrae
589 1326 645 1359 vel
671 1327 704 1359 in
729 1337 822 1358 mare
854 1335 892 1356 se

86 1373 242 1416 recipere
265 1372 376 1405 solent
412 1372 458 1405 dii
486 1372 624 1416 profugi
656 1384 697 1405 ex
723 1372 892 1415 01>mp03

85 1418 182 1452 velut
216 1418 373 1451 Bacchus
408 1430 428 1451 a
459 1418 609 1452 Thetide
642 1424 807 1462 exceptus
842 1424 894 1449 est

87 1463 155 1508 (ζ’
183 1464 298 1507 136.,)
331 1469 367 1496 et
389 1464 477 1497 Juno
513 1465 598 1498 clam
632 1464 778 1497 educata
804 1461 895 1506 apud

87 1511 262 1544 Oceanum
295 1509 365 1553 (ξ’,
388 1511 502 1566 303).
529 1530 573 1535 —
617 1507 893 1554 α’ψοῤῥόου.

89 1557 173 1601 Ap.=
199 1554 387 1590 οἷνάπαλιν
405 1556 566 1599 ῥέοντος.
589 1558 702 1600 reflui,
725 1561 760 1588 et
777 1567 796 1588 a
815 1567 896 1588 con-

87 1608 256 1646 sequente
286 1606 430 1656 propter
453 1603 592 1637 formam
618 1603 797 1636 rotundam
823 1607 896 1633 ter-

88 1660 168 1689 rae,
203 1647 403 1682 circumflui.
439 1649 488 1682 sic
522 1656 665 1682 vocatur
704 1649 778 1693 ipse
815 1647 898 1679 deus

91 1695 273 1732 Oceanus
297 1700 335 1727 ut
358 1695 524 1729 Vulcanus
548 1696 676 1729 ardens
699 1706 754 1740 ap.
774 1693 897 1726 Horat.

91 1740 161 1774 Od.
188 1743 229 1781 1,
252 1740 293 1779 4,
320 1742 351 1774 8.
378 1741 434 1773 Ex
458 1742 505 1774 H.

137 1787 347 1822 400—409.
371 1785 472 1829 παρ’
499 1785 723 1828 εἰνάετες,
748 1786 795 1819 ad
816 1795 900 1818 που-

92 1833 250 1872 ennium,
286 1833 562 1876 quemadmodum
594 1832 678 1876 παρ’
716 1830 801 1868 ὅλον
835 1830 900 1865 τὸν

93 1880 190 1924 βίον,
210 1889 275 1922 per
297 1883 406 1912 totam
429 1881 549 1922 vitam,
575 1885 611 1914 et
634 1879 756 1914 similia
780 1879 901 1911 dicun-

93 1932 162 1960 tur.
198 1936 230 1958 v.
257 1923 380 1958 Matth.
408 1926 435 1968 §,
460 1927 540 1961 588.
575 1937 755 1971 perperam
780 1923 901 1976 steph.

95 1977 130 2004 et
154 1971 232 2004 alii·
267 1981 348 2015 τησι
372 1971 480 2015 πάρ’,
514 1974 608 2016 apud
643 1973 764 2013 hasce,
804 1967 904 2014 quasi

95 2029 162 2050 non
196 2016 281 2062 ipsis
307 2017 475 2062 Ν3ιῃρὴί5
508 2019 572 2052 ista
598 2018 772 2052 Vulcanus
796 2015 902 2050 fabri-

95 2069 191 2097 catus
216 2066 316 2096 esset.
358 2076 549 2108 „praecox
574 2066 605 2099 V
609 2064 718 2098 ulcani
742 2075 817 2103 ars3
842 2061 904 2095 sed

95 2109 143 2143 ita
163 2114 358 2153 comparata
371 2116 448 2143 sunt
461 2111 624 2144 deorum'
617 2110 768 2155 ingenia:
790 2119 903 2153 quem

98 2156 278 2189 admodum
306 2157 424 2200 Apollo
449 2157 562 2190 statim
596 2168 616 2190 a
641 2164 743 2202 partu
768 2154 906 2198 sagittis

99 2201 190 2235 ultus
209 2205 261 2233 est
278 2195 430 2236 Latonae
445 2203 563 2236 matris
578 2202 746 2247 injuriam,
768 2208 803 2235 et
815 2201 907 2234 Mer-

99 2247 213 2280 curius
237 2247 295 2280 vix
320 2261 339 2281 e
364 2249 458 2282 cunis
483 2250 621 2295 elapsus
654 2250 747 2283 sorta
772 2246 889 2280 commi
892 2264 908 2270 —

98 2293 157 2326 sit.
202 2293 378 2337 sapienter
419 2303 530 2328 tamen
576 2299 679 2340 poeta
721 2294 907 2326 Vulcanum

101 2349 244 2391 puerum
277 2350 340 2383 per
370 2341 571 2375 novennium
604 2341 639 2375 in
663 2340 794 2374 artibus
822 2338 909 2372 faci-

101 2384 243 2418 lioribus
275 2392 475 2430 occupatum
500 2387 607 2421 fuisse
633 2387 752 2427 finxit,
788 2386 909 2429 quibus

102 2431 196 2464 velut
240 2430 448 2475 praelusisse
481 2433 664 2476 majoribus
692 2433 894 2485 videatur!

104 2478 158 2511 Ex
174 2475 219 2509 H.
240 2496 285 2500 —-
310 2478 408 2512 scih:
435 2477 637 2522 πόρπας.
662 2478 721 2518 αἷς
736 2477 774 2512 αἱ
789 2479 910 2520 χλανί-

104 2524 164 2564 δες
205 2522 515 2577 καταβάλλονται,
557 2523 717 2567 περόνας
757 2522 911 2567 δηλαδή.

103 2569 262 2625 (proprie
284 2567 411 2614 πόρπη
445 2577 499 2605 est
523 2573 686 2612 annulus,
719 2570 772 2604 cui
797 2569 912 2610 fibula,

103 2615 264 2670 περόνη,
302 2616 432 2651 inserta
456 2624 611 2658 tenetu13
648 2617 708 2650 sed
742 2628 808 2649 non
835 2627 912 2649 raro

107 2667 143 2696 et
160 2662 266 2707 ipsam
285 2662 420 2696 fibulam
447 2664 632 2708 significat,
655 2669 692 2696 ut
715 2674 790 2696 ann
809 2663 913 2695 Hem-

106 2711 252 2742 eternus.
278 2709 322 2742 ad
347 2710 478 2744 Polluc.
503 2712 546 2750 7,
571 2710 626 2745 54.
640 2735 650 2750 ,
686 2709 743 2753 qui
769 2708 854 2742 anit
878 2709 912 2741 in

107 2754 302 2798 pectoribus
325 2755 427 2790 fuisse
446 2755 603 2801 πόρπας,
628 2755 662 2789 in
682 2755 832 2789 humeris
853 2765 914 2787 au-

108 2805 176 2833 tem
199 2800 369 2844 περόιας.
410 2803 489 2836 hinc
520 2802 666 2845 πόρπαξ
699 2807 734 2834 et
765 2801 915 2846 πορπᾷν

109 2857 170 2878 seu
191 2845 388 2889 πορπάζειν
411 2860 467 2894 ap.
491 2852 611 2905 poetas
633 2847 787 2881 scenicos
807 2851 842 2882 et
862 2858 915 2880 re-

111 2891 312 2936 centiores.)
354 2893 594 2938 γναμπτάς
629 2893 799 2933 ε’-λικας
835 2891 915 2927 ἔπι-

110 2941 274 2980 καμπέἴς.
306 2938 397 2984 λέγει
417 2941 456 2976 δὲ
479 2940 526 2976 τοὶ
547 2940 679 2984 ψέλλια
697 2937 917 2984 καλούμενα.

111 2986 195 3029 (Ap.
219 2984 435 3020 emendatus·
459 2986 546 3028 τούς
565 2986 832 3031 δρακοντώδεις
852 2987 916 3020 δα-

111 3030 292 3070 κτυλίους.
327 3031 415 3066 idem
429 3045 465 3068 v·
486 3033 622 3075 ἕλικαςε
648 3033 788 3078 κόσμου
808 3047 843 3068 τι
861 3031 919 3078 γε’-

933 1059 1011 1086 νος.
1056 1045 1091 1079 οὶ
1126 1057 1192 1087 μει
1227 1041 1447 1080 δακτιλίους
1481 1037 1636 1078 ποιούς,
1680 1030 1748 1076 οὓς

936 1093 1206 1147 δρακοντωὸεις
1236 1089 1429 1123 καλοῦσιν·
1469 1085 1503 1121 οἳ
1529 1086 1568 1118 δὲ·
1601 1081 1748 1125 ἐνώτια,

936 1138 961 1172 ἃ
986 1140 1159 1171 καλοῦσιν
1183 1134 1384 1177 ελικτήρια·
1412 1132 1653 1175 [Harpocran
1680 1127 1750 1163 ἑλι-

936 1185 1044 1228 κτῆρε
1032 1197 1086 1224 ς,
1112 1182 1274 1236 ενωτίων
1299 1178 1410 1218 εἶδος
1444 1181 1507 1211 Λτ
1506 1178 1594 1216 ίας
1627 1174 1751 1208 Villoi-

939 1231 1026 1274 son.]
1063 1230 1099 1264 οἱ
1130 1228 1168 1263 δε
1198 1226 1242 1261 τοὶ
1265 1227 1348 1270 περὶ
1381 1237 1471 1263 τους
1493 1235 1661 1266 καρπους
1685 1219 1752 1264 ψέ-

940 1281 1010 1311 λια.
1037 1277 1242 1310 minusbene
1256 1273 1357 1306 Sch..·
1378 1270 1526 1312 ψέλλια·
1543 1281 1573 1302 ν.
1587 1268 1752 1302 Valcken.

939 1335 1016 1357 ann.
1051 1322 1095 1355 ad
1129 1326 1275 1356 Ammon.
1309 1330 1341 1363 p
1379 1319 1455 1352 149.
1496 1315 1652 1349 similiter
1679 1314 1753 1346 He-

940 1369 1035 1413 53011.
1063 1369 1114 1401 E:
1139 1363 1380 1421 γναμπταὶ
1407 1361 1581 1402 ε’λικες,
1605 1359 1752 1402 ἐνώτια,

941 1415 964 1460 ἢ
997 1414 1147 1459 ψέλλια,
1181 1412 1283 1455 παροὶ
1308 1409 1350 1445 τὸ
1383 1410 1433 1449 εἰς
1460 1407 1594 1444 κύκλον
1621 1405 1755 1441 ελίσσε-

942 1463 1061 1503 σθαι)
1094 1460 1314 1498 κάλυκας.
1349 1457 1609 1512 σωληνίσκους.
1633 1453 1755 1496 (tubu-

941 1509 1012 1548 los,
1046 1508 1219 1550 fistulas)
1264 1506 1355 1548 λέγει
1389 1500 1428 1536 ὁε
1460 1499 1528 1541 τὰς
1559 1498 1756 1544 λεγομένας

942 1566 1132 1596 συριγγας,
1159 1566 1200 1587 αι
1218 1547 1535 1608 περιλαμβάνουσι
1559 1560 1648 1586 τους
1668 1549 1756 1580 πλο-

942 1602 1109 1644 κάμσυς,
1134 1596 1157 1643 ἢ
1180 1599 1228 1638 εἰς
1255 1613 1298 1638 ας
1329 1597 1609 1630 κατακλείονται
1628 1592 1667 1626 αἱ
1693 1604 1757 1626 πε-

944 1645 1063 1690 ρόναι.
1087 1646 1159 1689 (Εε
1184 1643 1386 1683 κάλυκες
1413 1641 1451 1677 ὁε
1477 1639 1667 1676 δακτύλιοι
1691 1636 1757 1696 ῥό-

946 1697 1041 1731 δων,
1069 1692 1189 1736 φασὶ,
1224 1691 1377 1732 κάλυξιν
1415 1689 1600 1744 ἐμφερεῖς.
1644 1685 1680 1720 οὶ
1716 1682 1756 1720 δε

945 1741 1082 1798 χρυσᾶς
1106 1744 1211 1774 εἷπον
1234 1737 1426 1780 σύριγγας,
1463 1732 1513 1775 ὡς
1537 1739 1619 1769 οἱον
1642 1735 1757 1789 σωλη-

945 1791 1107 1827 νίσκονς,
1133 1784 1188 1824 οἷς
1205 1783 1387 1827 πλόκαμοι
1409 1782 1639 1824 περιέχονται
1662 1776 1758 1813 κατὰ

946 1833 987 1867 τὸ
1013 1829 1309 1876 πλοχμοὶ,οι
1333 1830 1494 1873 χρυσῷ
1517 1841 1597 1862 και
1622 1824 1759 1869 αργύ-

948 1893 1007 1926 ρῳ
1032 1877 1326 1931 ἐσφήκωντο.
1355 1874 1399 1919 [ρ’
1413 1900 1422 1916 ,
1441 1875 1512 1917 52]
1534 1875 1649 1919 jejune
1669 1875 1758 1916 Ap.:

948 1927 1120 1964 κάλυκας.
1152 1923 1292 1966 κόσμου
1317 1922 1450 1966 γένος.)
1482 1919 1671 1974 όρμου.ς
1695 1930 1758 1953 πε-

949 1970 1176 2016 ριτραχήλια.
1203 1971 1350 2014 (Οά355.
1379 1967 1408 2003 σ’
1420 1992 1430 2008 ,
1458 1969 1559 2002 295..
1586 1962 1702 2009 ὅρμον
1728 1961 1759 1999 δ’

950 2017 1161 2064 Εὐρυμάχῳ
1191 2016 1467 2050 πολυδαιδαλον
1491 2010 1607 2047 nummu
1632 2012 1760 2054 ἔνεικε,

951 2069 1006 2110 Χρ
1010 2066 1142 2105 ύσεον,
1168 2061 1396 2105 ἠλέκτροισιι
1422 2058 1613 2105 ἐερμένον,
1640 2057 1762 2102 ἠέλιον

952 2111 1013 2153 ω’ς.
1049 2112 1094 2145 cf.
1120 2110 1203 2144 ibid.
1230 2108 1259 2145 o'
1270 2134 1281 2149 ,
1302 2108 1391 2149 460,
1422 2108 1476 2148 Ε,
1503 2107 1628 2140 Buttm.
1651 2105 1761 2138 Lexil.

952 2160 1147 2210 1.p.113.
1179 2176 1220 2180 -
1272 2153 1319 2189 ἐν
1346 2155 1465 2197 σπῆι
1488 2157 1570 2197 γλ.,
1605 2153 1640 2185 in
1664 2163 1766 2195 specu

955 2217 1054 2239 cava.
1089 2202 1140 2243 ω’,
1166 2203 1232 2242 83,
1257 2202 1383 2254 Odyss.
1411 2199 1465 2244 β’,
1490 2202 1535 2234 20
1557 2204 1624 2232 etc.
1649 2199 1765 2238 „idem

955 2251 1091 2297 βένθεα
1117 2248 1206 2288 ἁλὸς
1231 2247 1318 2282 dixit
1345 2245 1391 2288 α’,
1415 2247 1494 2281 358.
1510 2259 1517 2279 ε
1541 2257 1615 2279 nam
1638 2244 1686 2278 ibi
1704 2244 1766 2276 ha·-

954 2298 1069 2332 bitant
1100 2296 1156 2329 dei
1188 2294 1300 2329 maris.
1352 2295 1398 2327 cs.
1432 2293 1530 2336 Virg.
1566 2293 1698 2334 Georg.
1731 2289 1766 2331 4,

954 2346 1148 2393 363seqq.
1141 2344 1162 2360 ‘
1189 2340 1281 2373 ΕΚ.
1303 2359 1346 2365 -
1382 2337 1528 2383 ἀφρῳ.
1553 2336 1621 2372 σύν
1643 2335 1765 2380 αφρῷ.

957 2392 999 2424 Ε.
1035 2391 1148 2444 αφρῴ
1173 2386 1440 2430 μορμύρουσαν
1476 2387 1662 2426 Venerem,
1699 2382 1768 2426 τὴν

956 2434 1235 2479 αναδυομέι-ητ,
1259 2433 1346 2466 dixin
1368 2432 1537 2466 Leonidas
1557 2429 1768 2463 Tarentinus

957 2482 1093 2516 Anthol
1121 2481 1190 2514 Pil
1219 2482 1250 2513 2.
1285 2491 1319 2524 p.
1344 2481 1421 2513 680
1453 2496 1499 2503 -—-
1549 2475 1768 2515 ἄσπετος,

957 2529 1176 2584 ineffabilis,
1194 2526 1226 2558 h.
1251 2538 1279 2558 e.
1305 2526 1505 2566 immensus,
1538 2535 1557 2557 a
1582 2534 1696 2556 causa.
1722 2540 1769 2546 —

957 2575 1131 2619 Hesyclm
1165 2572 1285 2606 ἴ.σοιν
1317 2570 1485 2626 ἤδεισαν.
1526 2573 1608 2613 Apa
1642 2568 1769 2611 ἐγίνω-

960 2633 1057 2656 σκον.
1083 2640 1123 2646 --
1150 2620 1207 2663 τῷ
1231 2631 1283 2661 με
1307 2630 1343 2661 μ.
1369 2616 1495 2661 χρεώ.
1529 2627 1560 2650 v,
1582 2613 1615 2657 ι’,
1642 2617 1698 2656 75,
1723 2612 1767 2654 κ’,

959 2668 1024 2708 85,
1048 2664 1099 2708 λ’,
1123 2655 1210 2705 409,
1235 2666 1304 2700 ἨΟ
1332 2667 1419 2706 etc.)
1467 2660 1687 2705 ζωάγρια.
1722 2673 1769 2695 τοι

960 2715 1025 2758 τῆς
1059 2713 1153 2755 ζωῆς
1181 2708 1410 2764 χαριστήρια.
1445 2729 1490 2734 --
1541 2706 1770 2741 ἀποθείο-

960 2773 1056 2810 μαι.
1083 2757 1300 2802 ἀποθῶμαι.
1311 2776 1357 2781 -
1382 2753 1511 2795 ὅπλα,
1531 2755 1770 2788 instrumenta.

964 2807 1009 2842 cf.
1036 2804 1124 2847 412,
1149 2806 1278 2849 odyss·
1302 2802 1354 2847 γ’,
1377 2804 1455 2838 433.
1495 2804 1577 2844 Apa
1603 2799 1698 2835 ὅπλα
1723 2799 1771 2835 τοὶ

962 2850 1140 2895 πολεμικὰ
1165 2850 1256 2906 λέγει
1275 2849 1337 2884 καὶ
1361 2847 1406 2883 τὰ
1425 2846 1641 2892 χαλκευτικοὶ
1667 2845 1773 2891 ἐργα-

963 2902 1058 2939 λεῖα,
1082 2898 1144 2932 καὶ
1169 2911 1215 2932 τα
1235 2897 1301 2940 τῆς
1317 2908 1407 2933 νεως
1428 2894 1581 2938 σχοινία.
1618 2893 1698 2927 libri
1715 2905 1773 2927 or-

963 2945 1043 2979 dine
1068 2955 1250 2989 perverso:
1277 2961 1323 2967 —
1357 2940 1468 2984 λέγει,
1505 2953 1568 2974 και
1598 2953 1644 2973 τα
1676 2953 1708 2974 τ.
1739 2952 1772 2973 ν.

964 2993 1126 3034 σχοινία,
1147 3003 1208 3024 και
1226 2986 1319 3032 τάχ.
1341 2987 1412 3031 έργ.
1447 2988 1644 3020 Buttmann.
1664 2987 1773 3021 Lexil.

963 3037 1009 3072 11.
1033 3048 1068 3082 p.
1092 3037 1172 3073 216.
1197 3046 1274 3069 anm
1330 3053 1366 3059 —
1422 3032 1619 3074 „Sicheret
1643 3033 1776 3068 scheint
