1847 3277
513 234 948 276 ΙΛΙΑΔΟΣ
1016 235 1071 274 Σ.

1564 240 1617 279 81

26 345 109 389 495
139 341 287 394 αὐλοὶ,
318 341 559 409 φόρμιγγές
587 357 654 391 τε,
693 341 806 398 βοήν
835 341 955 410 ἕχον·
993 343 1041 385 αἱ
1069 341 1115 385 δὲ
1144 347 1348 396 γυναῖκες

140 400 365 470 ἱστάμεναι
393 397 630 469 θαύμαζον
652 398 720 442 ἐπὶ
749 398 1045 471 προθύροισιν
1076 399 1244 468 ἑκάστη.

139 457 239 498 λαοὶ
269 454 309 498 δ’
342 456 407 499 εἰν
436 453 586 525 ἀγορῇ
609 455 701 498 ἒισα
702 471 712 490 1
741 454 915 508 ἀθρόοι.
961 454 1071 498 ἔνθα
1099 454 1144 499 δὲ
1174 461 1321 508 νεῖκος

140 511 334 564 ὠρώρει,
370 510 451 554 δύο
482 509 526 554 δ’
558 510 724 581 ἄνδρες
748 511 936 554 ἐνείκεον
968 513 1113 555 εἵνεκα
1140 516 1297 582 ποινῆς

26 626 108 669 500
138 566 298 622 ἀνδρὸς
327 567 649 622 ἀποφθιμένου.

701 566 725 610 ὁ
755 568 835 619 μὲν
864 568 1009 624 εὔχετο
1037 565 1166 611 παντ’
1201 566 1482 619 ἀποδοῦναι,

138 624 260 693 δήμῳ
290 624 575 678 πιφαύσκων·
608 623 632 666 ὁ
662 623 703 666 6'
736 622 937 667 ἀναίνετο
967 625 1102 679 μηδὲν
1130 623 1316 668 ἑλέσθαι.

139 681 271 735 α’μφω
303 679 344 723 6’
362 681 531 750 ἱέσθην
560 679 627 723 ἐπὶ
656 681 797 732 ι’στορι
822 686 976 750 πεῖραρ
1008 680 1208 724 ἑλέσθαι·

140 737 240 780 λαοὶ
271 735 314 780 δ’
346 734 664 806 αμφοτέροισιν
689 736 918 807 ἐπήπυον,
950 736 1086 792 ἀμφὶς
1116 737 1291 792 ἀρωγοί.

139 793 325 848 κήρυκες
355 793 398 836 δ’
429 791 515 847 α’ρα
545 794 654 836 λαὸν
683 792 888 849 ἐρητυον·
920 795 963 836 οἱ
992 794 1037 836 δὲ
1066 794 1268 848 γέροντες

143 849 243 893 ειάτ’
273 849 340 893 ἐπὶ
371 851 553 901 ξεστοῖσι
583 851 725 901 λίθοις
755 851 869 920 ἱερῷ
887 850 951 893 ἐνὶ
980 849 1154 919 κύκλῳ,

26 909 108 951 505
142 911 337 961 σκῆπτρα
368 907 413 950 δὲ
421 905 649 977 κηρύκων
679 905 726 948 ἐν
757 905 869 961 χέρσ’
901 907 1000 961 ε’χον
1029 905 1324 961 ἠεροφώνων,

138 969 279 1006 τοῖσιν
309 960 434 1034 ἔπειίιτ
461 963 637 1019 ἤϊσσον,
667 961 898 1019 ἀμοιβηδὶς
928 964 973 1006 δὲ
1005 965 1193 1016 δίκαζον.

139 1025 254 1062 κεῖτο
286 1017 328 1063 δ’
360 1036 416 1073 αρ
468 1021 514 1062 ἐν
543 1020 742 1072 μέσσοισι
773 1021 864 1062 δύω
893 1025 1075 1087 χρυσοῖο
1105 1018 1320 1070 ταλαντα,

137 1079 198 1133 τῷ
227 1076 382 1132 δόμεν,
413 1074 460 1126 ὃς
489 1075 595 1131 μετὰ
623 1080 737 1118 τοῖσι
771 1078 898 1132 δίκην
932 1074 1148 1119 ἰθύντατα
1185 1077 1315 1118 εἴποι

1 1176 184 1221 ·ρε’φοντο,
210 1175 412 1212 ἐκινοῦντο.
450 1177 498 1220 (,,
510 1175 630 1222 βοὴν
656 1174 769 1221 ἔχεν-

2 1224 106 1265 ἷόων,
130 1229 168 1256 ut
192 1234 296 1268 saepe
320 1222 413 1266 ἔχειν
438 1231 472 1256 et
497 1225 689 1257 ποιεῖσθαι
713 1223 771 1255 di-

0 1278 56 1304 tur
78 1271 382 1312 περιφραστικιῦς.
407 1269 455 1302 sic
472 1270 556 1312 βοαὶ
574 1267 697 1303 ανλιόν
716 1281 771 1313 ap.

0 1317 66 1354 und.
91 1316 194 1359 Pytb.
223 1320 281 1356 10,
305 1318 360 1351 60.
396 1320 431 1348 et
454 1316 609 1350 similiter
634 1315 771 1359 Olymp-

17 1364 73 1396 2:
98 1360 236 1396 τίναδ’
255 1362 372 1402 ἄνδρα
391 1361 774 1405 κελαδήσομεν,·“

24 1409 57 1442 K
82 1414 117 1441 et
141 1409 214 1452 H.)
270 1406 444 1452 εὔχετο.
480 1407 547 1449 (ε’,
585 1409 650 1442 173
682 1409 771 1449 etc.)

16 1468 35 1488 ν
60 1455 260 1497 διωριζετο.
307 1454 521 1498 (50110131
549 1453 776 1499 ε’βεβαιοῦτο,

9 1499 40 1533 11.
62 1499 152 1543 πρὸς
173 1499 262 1540 τούς
281 1499 478 1544 παρόντας,
504 1506 543 1534 ut
563 1501 669 1555 δήμῳ
690 1512 773 1542 πιφ.

9 1554 134 1591 quente
151 1558 264 1580 versu.
291 1548 343 1580 Ex
367 1548 430 1591 H.)
463 1545 624 1589 πιφαύ
639 1558 774 1580 σκων.

31 1594 132 1633 ,502
152 1594 238 1636 etc.)
270 1595 323 1638 τῷ
346 1593 459 1640 κοινῷ
490 1594 602 1627 παντὶ
632 1591 776 1631 ὁεικνυς

37 1637 256 1682 ἐμφανίζων.
296 1627 344 1683 1(ὁ
380 1638 416 1674 6’
457 1639 687 1674 ἀναίνετο
723 1638 772 1682 [ι’

16 1686 37 1719 6
61 1685 140 1728 etc]
170 1683 323 1728 μηδεν
344 1686 400 1721 ἓλ.
425 1685 549 1730 duplex
570 1685 708 1730 negatio
730 1685 772 1718 ad

13 1742 40 1763 m
60 1731 169 1774 magis
187 1733 465 1766 adseverandam.
491 1716 634 1765 Matth.0
630 1735 662 1773 g.
676 1731 773 1774 601.)

23 1780 113 1820 σθη
127 1790 146 1810 ν
170 1777 243 1822 (β’,
265 1779 332 1813 589
352 1779 449 1822 etc.).
477 1778 774 1821 προεθυμοῦντο,

14 1822 188 1864 οὐλοντο,
221 1822 408 1859 ἔσπενδον.
463 1824 565 1863 (ἐπὶ
599 1825 775 1866 ἴστορι,

21 1870 66 1902 1ιά
93 1871 258 1911 judicem.
304 1895 329 1911 „
341 1868 403 1912 ψ’,
437 1869 540 1905 486.·
576 1870 703 1909 ἴστορα
736 1867 776 1904 δ’

17 1917 150 1959 ρείδην
188 1913 428 1960 Ἀγαμέμνονα
463 1918 616 1960 θείομεν
651 1916 776 1969 ἄμφω,

18 1962 29 1995 ἰ
54 1963 96 1995 de
114 1961 244 1995 arbitro
267 1963 393 2007 agitur.
431 1963 532 1996 Sch.·
559 1962 729 2022 μάρτυρι,
754 1959 777 2006 ἢ

30 2008 86 2053 τῇ.
128 2007 284 2042 similiter
290 1993 420 2042 eSchol.
441 2010 480 2042 A.
507 2010 644 2054 proprie
668 2010 777 2052 ἴστωρ

20 2066 46 2088 e
72 2054 181 2097 ἴστωρ
202 2061 254 2087 est
270 2056 480 2099 intelligens,
504 2057 663 2088 conscius.
675 2056 699 2074 “
728 2056 778 2088 Ex

52 2105 158 2134 testes
182 2106 261 2134 sunt
291 2100 328 2134 οἱ
359 2102 476 2144 αμφὶς
502 2100 639 2145 ἀρωγοὶ
664 2101 698 2134 in
722 2112 778 2134 se-

20 2146 186 2190 entibus.)
209 2149 393 2192 πεῖραρ.
412 2147 533 2189 πέρας.
553 2150 676 2192 (finem
694 2159 777 2180 cau-

22 2198 85 2226 ’et
101 2193 350 2235 μετοννμικῶς
367 2193 554 2228 victoriam.
590 2193 663 2227 scil.
682 2198 777 2227 uter-

23 2249 40 2271 e
71 2238 275 2282 litigantium
310 2239 466 2273 obtinere
502 2251 636 2274 causam
658 2239 776 2273 stude-

24 2289 44 2317 t.
83 2295 117 2316 v.
153 2295 229 2318 ann.
265 2284 307 2318 ad
341 2283 372 2319 ν’
384 2287 497 2327 ,359.
521 2305 564 2311 --
605 2285 776 2330 Hesych:

37 2328 205 2373 ήπυον.
248 2328 421 2375 ἐπεβόων.
473 2332 583 2366 idem:
622 2331 775 2376 ἀμφὶς

37 2378 163 2419 ωγοί.
185 2377 452 2420 κεχωρισμένως
473 2379 715 2423 βοηθοῦντες,
739 2377 775 2412 οἱ

0 2424 3 2431 '
26 2435 40 2454 ν
59 2422 164 2467 τῷδε,
188 2422 224 2456 οὶ
245 2421 285 2458 δὲ
304 2425 409 2470 τῷδε.
443 2425 543 2458 Sch..
569 2425 679 2468 χωρὶς
695 2437 776 2459 εκα-

0 2471 64 2513 ’ῳ
97 2468 132 2503 οἱ
166 2468 257 2504 ἴδιοι
284 2458 352 2513 βοη
356 2470 433 2504 θοί.
463 2489 508 2494 -
557 2469 604 2514 ἐρ
585 2469 777 2516 ρήτυον,

0 2503 182 2549 '³1³cebant.
220 2514 273 2560 β’,
295 2517 339 2551 97
359 2515 442 2559 etc)
472 2515 706 2560 γέροντες.
742 2516 778 2552 οἱ

0 2571 5 2588 1
30 2561 143 2595 ασταὶ
174 2561 358 2604 δηλονότι.
389 2562 526 2619 (piures
547 2563 700 2596 nimirum
724 2573 780 2596 se-

0 2610 103 2640 ')ant
122 2607 265 2652 judices.
293 2626 337 2634 -
382 2605 456 2642 ἐπὶ
481 2609 693 2651 ξεστοῖσι
718 2611 779 2643 λί-

0 2651 35 2682 1
31 2665 108 2694 ις,
126 2655 162 2687 in
178 2655 293 2697 politis
312 2654 496 2709 lapidibus,
516 2654 680 2688 sedilibus
693 2666 780 2687 mar-

0 2686 9 2720 i
50 2698 109 2732 eis.
143 2699 189 2733 cf.
213 2700 338 2744 Odyss.
360 2698 402 2744 γ’,
423 2698 502 2736 406.
522 2720 567 2725 -—
591 2701 706 2735 Schol.
727 2701 778 2733 Β.

33 2743 99 2789 ³93·
143 2744 208 2779 διὰ
236 2746 280 2780 τὸ
315 2747 480 2788 δίκαιον,
525 2742 617 2781 ὥστε
650 2747 701 2785 εἰς
733 2744 777 2780 τὸ

0 2790 11 2812 s·
43 2803 85 2824 ον
109 2787 302 2836 ἀσεβοῦσιν
337 2793 373 2828 οἱ
403 2796 695 2836 παρακρίνοντες
718 2792 779 2827 καὶ

0 2828 12 2867 ἦ
40 2835 293 2879 ἀπειθοῦντες.
312 2858 356 2864 -
391 2837 559 2883 κύκλῳ.
587 2838 718 2884 οἷγορᾷ,
742 2844 780 2872 ut

0 2875 14 2908 θ
37 2882 100 2927 rip.
125 2884 188 2916 Or.
207 2884 305 2919 891.·
328 2881 487 2929 ὀλιγάκις
508 2886 598 2920 ἄστυ
620 2885 780 2929 κοὶγορᾶς

0 2933 15 2954 ²¹
38 2931 134 2962 ίνων
158 2926 310 2972 κύκλον,
348 2942 446 2975 quem
481 2931 591 2966 locum
625 2931 779 2965 laudavit

7 3008 11 3017 .
55 2974 109 3007 vei
134 2974 208 3018 ipso
231 2987 389 3010 consessu
412 2977 581 3020 judicum,
606 2983 645 3011 ut
670 2978 702 3011 H
725 2977 779 3010 in-

0 3026 198 3054 ?iiretatur.
226 3040 272 3045 —
322 3023 536 3066 σκῆπτρα
573 3043 618 3048 —-
652 3024 778 3058 δίκα-

2 3071 16 3094 1·
42 3079 64 3098 r.
98 3074 237 3111 sceptra
260 3077 321 3100 sua
344 3069 379 3102 in
398 3069 548 3102 manibus
572 3080 777 3114 praeconum

43 3111 131 3146 osita
154 3113 327 3147 habebant
341 3114 497 3158 judices,
521 3115 657 3149 donec'
646 3126 702 3159 Jus
725 3116 778 3149 di-

43 3167 162 3202 1011311.
187 3169 248 3204 111.

817 1176 959 1210 cendum
971 1182 1078 1210 esset:
1099 1180 1168 1209 tum
1188 1178 1326 1220 sceptra
1343 1176 1499 1208 tenentes
1517 1172 1615 1216 (το
1599 1188 1626 1208 ι-

819 1234 916 1264 σιν,
954 1224 987 1256 11.
1012 1236 1040 1257 e.
1068 1221 1136 1257 σύν
1158 1224 1298 1263 τοῖσιν,
1322 1232 1390 1255 συν
1415 1219 1627 1264 σκήπτροις,

818 1275 855 1302 ut
880 1270 1054 1314 explicant
1078 1269 1160 1302 Sch.
1192 1272 1228 1302 et
1249 1248 1364 1301 Sghol.
1389 1267 1451 1309 A.)
1491 1265 1629 1300 dicendi

815 1315 905 1359 juris
923 1316 1017 1349 velut
1033 1316 1192 1360 impetum
1211 1314 1395 1357 capiebant
1405 1311 1474 1357 (ἤϊ
1483 1323 1562 1347 σσο
1575 1313 1628 1356 ν),

818 1363 850 1394 11
870 1373 900 1395 e.
923 1373 994 1394 eam
1016 1373 1083 1394 rem
1105 1360 1406 1404 aggrediebantur,
1427 1366 1462 1392 et
1480 1357 1629 1393 vicissim

819 1408 1017 1452 (postquam
1043 1408 1178 1450 litigant
1182 1417 1218 1439 es
1242 1405 1462 1458 audiverant)
1490 1404 1630 1448 judica-

822 1454 915 1487 bant.
951 1453 1053 1487 Sch.:
1080 1459 1118 1487 ἐν
1141 1454 1240 1495 μέρει
1265 1451 1306 1487 δὲ
1331 1452 1529 1509 vinctiones
1552 1450 1629 1486 ε’ὸί-

819 1502 943 1541 κοιζον.
979 1499 1034 1532 vel
1059 1496 1147 1543 οἷμο
1161 1499 1324 1544 ιβαδὶς
1347 1497 1429 1532 οἷντὶ
1449 1510 1516 1532 τον
1535 1510 1629 1531 κατα

819 1544 958 1594 λαχαόν
989 1558 1073 1579 τινα
1104 1546 1166 1580 καὶ
1190 1545 1323 1601 κλῆρον
1357 1542 1485 1580 ἄλλοτε
1508 1541 1628 1586 ἄλλος,

821 1607 870 1632 ως
895 1592 932 1626 ἐν
955 1591 1008 1637 τῷ
1033 1590 1110 1625 κατ’
1133 1590 1288 1636 Ἀθίνας
1312 1589 1418 1637 δήμῳ
1441 1589 1628 1646 ἐγίγνοντο

819 1638 911 1681 (scil.
937 1639 1144 1681 δικασταὶ),
1167 1639 1272 1672 καθά
1293 1639 1402 1682 δηλοῖ
1423 1637 1484 1672 καὶ
1507 1633 1526 1671 ὁ
1554 1639 1629 1671 τῶν

815 1683 981 1719 Ἀττικῶν
1021 1685 1120 1719 ἔθων
1173 1685 1394 1724 διδάσκαλος
1437 1682 1630 1727 Κωμικόςε

821 1743 910 1775 quae
933 1731 1117 1775 explicatio
1138 1737 1189 1764 est
1210 1732 1301 1764 inter
1315 1730 1500 1764 Eustathii.
1533 1735 1630 1764 sorte

821 1777 998 1822 plurimum
1024 1778 1207 1810 utebantur
1231 1776 1472 1810 Athenienses.
1506 1787 1537 1807 v.
1562 1778 1627 1809 Av.

821 1825 906 1864 959,
930 1823 1077 1856 Acharn.
1103 1824 1191 1863 680,
1216 1823 1309 1857 Nub.
1332 1824 1410 1858 607.
1430 1841 1474 1848 -
1509 1821 1628 1856 Schol.

822 1871 873 1903 A:
909 1866 1214 1912 ἠεροφώνων.
1253 1870 1305 1903 ὠν
1336 1866 1365 1923 ἡ
1397 1865 1503 1913 φωνή
1525 1866 1631 1924 μέχρι

821 1917 890 1949 τοῦ
915 1914 1105 1958 ἐμφανοῦς
1128 1914 1300 1956 ἱκνεῖται,
1335 1928 1385 1954 ως
1416 1914 1459 1950 td
1494 1912 1629 1959 φωνή

824 1961 872 1997 δέ
902 1961 944 1995 οἱ
973 1960 1130 2003 αἰθέρ
1157 1962 1328 1998 ἵκανεν.
1364 1958 1434 2004 (ο’,
1460 1962 1630 2004 686.)—

823 2011 953 2043 κεῖτο
981 2027 1019 2032 -—
1048 2008 1191 2042 εἴποι.
1227 2007 1410 2052 praemium
1435 2009 1457 2042 2
1480 2006 1630 2040 talento-

823 2066 896 2089 rum
929 2054 1003 2087 auri
1029 2054 1236 2098 propositum
1260 2053 1366 2087 fuisse
1397 2052 1445 2087 ait
1468 2052 1499 2085 ei
1518 2050 1629 2096 judici

824 2100 894 2146 (τῶ
919 2098 1011 2142 μετὰ
1035 2104 1150 2141 τοῖσι,
1183 2101 1216 2132 11.
1241 2111 1271 2134 e.
1303 2099 1536 2141 δικασταῖς),
1570 2098 1630 2143 qui

823 2146 1027 2190 aequissime
1055 2146 1112 2190 jus
1136 2145 1292 2179 dixisset.
1335 2145 1385 2179 ita
1409 2145 1537 2178 Scholl.
1560 2144 1632 2178 Ve-

823 2193 912 2234 neti,
936 2192 978 2227 τὸ
1005 2191 1214 2228 δικαστικὸν
1244 2191 1485 2236 intelligentes.
1528 2189 1630 2224 etiam

822 2239 1052 2273 Philostratus
1081 2240 1155 2283 jun.
1187 2239 1278 2272 hunc
1310 2249 1387 2272 esse
1418 2238 1467 2271 ait
1489 2235 1631 2292 μισθὸν

821 2287 873 2331 τῷ
897 2284 1024 2328 ὀρθῶς
1049 2283 1298 2325 ἐκδικάσοντι,
1325 2283 1374 2324 ὡς
1394 2297 1440 2319 αν
1465 2283 1514 2327 μή
1533 2281 1631 2325 πρὸς

822 2331 926 2375 δῶρα
951 2345 1005 2372 τις
1024 2329 1087 2376 τὴν
1107 2329 1261 2367 εὐθεῖαν
1280 2329 1401 2375 φέροι.
1438 2328 1631 2364 ἀπίθανον

820 2383 933 2412 tamen
964 2377 1103 2411 videtur
1124 2377 1341 2411 Scholiasta'e
1365 2379 1405 2411 A.
1433 2376 1480 2409 E:
1513 2378 1631 2410 κεῖται

820 2421 958 2469 μισθὸς
979 2425 1131 2469 δικαστῇ
1150 2421 1197 2458 τὰ
1222 2420 1293 2458 δύο
1322 2423 1390 2457 τοῦ
1408 2424 1546 2467 χρυσοῦ
1567 2419 1630 2456 τά-

822 2474 956 2512 λαντα,
980 2472 1245 2525 δικαιοκρισίας
1266 2465 1402 2510 ἆθλον,
1428 2467 1487 2504 ἐπὶ
1511 2470 1631 2504 δικαι-

824 2516 961 2562 οσύνην
994 2514 1287 2574 προκαλούμενα.
1331 2516 1365 2550 εἰ
1395 2513 1445 2558 μή
1487 2527 1523 2550 τι
1556 2510 1630 2557 ἄρα

823 2564 917 2607 (ιιί5ἰ
943 2564 1056 2607 sorte)
1091 2576 1112 2607 η
1139 2563 1192 2609 τῷ
1215 2563 1384 2605 τεχνικῶς
1417 2558 1630 2615 δημηγορή-

825 2621 929 2644 σαντι
971 2598 1185 2665 δικηγόρω
1202 2613 1320 2644 κεῖται
1358 2606 1494 2651 μισθὸς
1524 2604 1630 2641 κατὰ

823 2656 912 2696 τούς
935 2655 1138 2697 παλαιούς,
1164 2652 1189 2712 ἢ
1209 2657 1284 2690 ταῖν
1309 2654 1555 2696 δικαζομένων
1577 2652 1630 2698 τῷ

825 2701 875 2747 μή
901 2703 1138 2747 ψευσαμένῳ,
1165 2700 1214 2742 ὣς
1236 2700 1539 2755 προτιμωθέντος
1561 2699 1630 2733 τοῦ

825 2749 1061 2803 ψευσαμένου
1088 2755 1156 2783 etc.
1188 2747 1454 2782 aestimationem
1480 2746 1550 2779 litis
1576 2745 1629 2778 di-

826 2796 883 2828 cit.
926 2796 979 2829 H·
1003 2815 1048 2820 —
1073 2801 1206 2839 „putes
1232 2795 1319 2828 hanc
1338 2805 1415 2827 esse
1439 2791 1528 2825 inam
1548 2803 1630 2825 ποι-

824 2839 914 2884 νήν,
939 2853 958 2875 a
982 2853 1042 2875 reo
1067 2841 1202 2874 allatam
1227 2846 1263 2873 et
1286 2840 1493 2883 depositam,
1518 2842 1574 2876 ut,
1601 2835 1631 2869 si

825 2899 931 2921 causa
963 2887 1147 2927 ceciderit,
1191 2885 1290 2919 alteri
1323 2896 1364 2918 ea
1395 2882 1630 2929 persolv-atum

825 2933 877 2966 sin
901 2933 975 2978 ipse
998 2933 1142 2973 vicerit,
1168 2943 1240 2964 eam
1265 2931 1420 2971 recipiat.
1457 2933 1543 2961 vett.
1576 2934 1631 2961 ta-

824 2989 900 3012 men
923 2979 1050 3012 sehon.
1078 2981 1115 3011 A.
1141 2978 1181 3012 B.
1207 2978 1257 3010 br.
1293 2977 1352 3018 (11.
1378 2987 1408 3008 e.
1442 2973 1631 3008 Pseudodi-

825 3025 963 3068 dymus)
984 3025 1026 3058 ad
1047 3023 1126 3059 497.
1147 3025 1419 3067 interpretantur
1440 3031 1632 3053 sacramen-

824 3076 916 3110 tum,
952 3071 985 3104 11.
1009 3082 1039 3104 e.
1066 3068 1266 3122 pecuniam,
1302 3079 1389 3121 quae
1421 3067 1463 3100 ab
1487 3071 1632 3111 utraque

825 3122 924 3162 parte
947 3116 1186 3161 deponebatur
1215 3114 1249 3147 in
1276 3112 1427 3158 judicio,
1460 3123 1630 3157 quamque

1332 3164 1359 3201 6
