1847 3277
157 186 242 232 258

791 192 1186 235 ΟΜΗΡΟΥ

326 298 528 343 θεύσεαι·
558 299 642 357 ἤδη
673 299 755 356 γάρ
785 301 973 357 χαλεπόν
1007 301 1115 345 κατὰ
1145 305 1279 358 γῆρας
1308 302 1506 357 ἐπείγει.“

375 401 516 445 gavisus
542 402 630 437 dono
657 414 763 436 senex
788 407 906 436 narrat
923 403 966 435 de
991 401 1079 435 ludis
1100 403 1322 444 funebribus,
1346 404 1447 439 factis
1477 404 1556 440 olim
1585 403 1620 439 in
1652 406 1830 440 honorem·

293 447 515 492 AmarJncei,
541 449 632 493 regis
652 450 844 494 Epeorum,
863 447 989 493 quibus
1009 448 1124 481 ludis
1115 460 1191 494 ipse
1208 449 1375 484 interfuit.

390 524 473 576 Ὡς
504 526 639 569 εἰπών
669 526 715 568 έν
743 526 861 581 χερσὶ
889 527 1025 569 τίθει·
1056 526 1080 570 ὁ
1111 525 1156 570 δ’
1187 526 1358 579 ἐδέξατο
1386 529 1565 583 χαίρων,

210 584 294 625 625
324 582 398 623 καί
426 599 503 636 μιν
531 582 741 638 φωνήσας
771 584 873 626 ε’πεα
901 582 1136 638 πτερόεντα
1165 584 1418 639 προσηύδα

400 652 502 697 „Noc
476 650 518 692 αὶ
534 649 604 720 δή
634 650 771 692 ταῦτά
801 666 848 705 γε
876 649 1040 700 πάντα,
1070 651 1215 704 τέκος,
1245 652 1356 694 κατὰ
1381 657 1548 726 μοῖραν
1578 651 1721 701 ἔειπες.

322 702 375 746 οὐ
404 704 487 760 γὰρ
519 704 580 748 ἔτ’
613 706 776 760 ἔμπεδα
810 712 936 761 γυῖα,
968 710 1118 761 φίλος,
1147 708 1303 759 πόδες,
1335 707 1436 752 οὐδ’
1466 710 1530 752 ἔτι
1557 713 1697 764 χεῖρες

319 759 451 813 ω’μων
468 760 796 830 ἀμφοτέρωθεν
824 762 1110 806 (ἐπαΐσσονται
1139 764 1338 834 ἐλαφραί.

756 821 845 890 βίη
876 820 921 862 τέ
951 837 1027 874 μοι
1057 820 1238 876 ἔμπεδος
1270 822 1347 875 εἴη,

207 877 288 916 630
320 889 379 923 ως
413 871 544 917 ὁπότε
573 873 766 929 κρείοντ’
792 875 1062 948 Ἀμαρυγκέα
1095 877 1268 920 θάπτον
1293 877 1454 921 Ἐπειοὶ

318 932 605 1000 Βουπρασίω,
642 935 794 982 παῖδες
823 932 870 976 6'
899 933 1058 976 ἔθεσαν
1063 936 1311 1005 βασιλῆος
1328 933 1488 977 ἄεθλα]

317 984 417 1027 ἔξιθ’
449 987 568 1037 οὔτις
596 1005 671 1043 μοι
701 988 854 1044 ὁμοῖος
884 989 996 1044 ἀνὴρ
1026 989 1179 1044 γένετ’,
1214 989 1311 1034 οὔτ’
1343 989 1419 1042 α’ρ’
1450 990 1644 1041 Ἐπειῶν,

320 815 409 860 εἴθ’
441 815 499 867 ὡς
527 817 742 874 ἡβώοιμι,

317 1040 413 1084 οὔτ’
445 1041 591 1086 αὐτῶν
623 1049 826 1094 Πυλίων,
860 1045 960 1088 οὔτ’

317 1099 403 1150 πυξ
433 1100 513 1154 μὲν
542 1100 720 1156 ἐνίκησα
755 1102 1064 1158 Κλυτομήδεα,
1083 1102 1278 1154 ’Ἡνοπος
1309 1102 1436 1146 υἱόν·

201 1155 284 1197 635
310 1152 515 1210 Αγκαΐον
545 1158 590 1200 δὲ
617 1158 732 1214 πάλῃ
767 1160 1077 1212 Πλευρώνιον,
1107 1159 1155 1210 ὅς
1185 1176 1259 1214 μοι
1291 1159 1470 1215 οἶτέστη

302 1211 505 1266 Ἴφικλον
533 1214 580 1257 δὲ
612 1215 792 1258 πόδεσσι
824 1217 1129 1270 παρέδραμον,
1159 1215 1317 1259 ἐσθλὸν
1346 1216 1493 1258 ἐόντα·

313 1270 439 1322 δουρὶ
472 1267 517 1313 δ’
543 1270 841 1341 ὑπειρέβαλον
873 1272 1026 1340 Φυλῆά
1055 1288 1121 1321 τε,
1151 1273 1226 1314 καὶ
1257 1274 1543 1326 Πολύδωρον.

317 1326 478 1368 οἴοισίν
507 1325 554 1381 μ’
588 1329 760 1371 ἱπποισι
790 1327 1048 1381 παρήλασαν
1076 1327 1342 1382 Ἀκτορίωνε,

310 1382 468 1438 πλήθει
495 1383 666 1437 πρόσθε
696 1385 925 1440 βαλόντες,
955 1382 1253 1440 ἀγασσάμενοι
1282 1384 1382 1440 περὶ
1411 1384 1547 1439 νίκης,

140 1525 390 1581 Aristarchus.)
423 1527 510 1564 οὐδ’
538 1530 590 1570 εἰς
622 1529 796 1566 ακοντίον
823 1529 950 1576 ἀγωνα

139 1571 347 1618 κατελεύσῃ.
372 1576 434 1616 (ne
457 1576 564 1620 ipsum
591 1577 727 1621 quidem
748 1577 949 1613 ἐσδύεσθαι

140 1623 321 1662 praeterea
344 1623 527 1665 usurpavit
549 1630 687 1664 noster,
712 1624 771 1657 sed
792 1623 950 1659 δύεσθαι

139 1674 200 1697 seu
225 1665 355 1707 δῦναι,
386 1667 509 1713 μα’χηυ
541 1674 576 1702 et
599 1669 721 1703 similia
746 1670 871 1714 passim
896 1671 948 1705 di-

139 1710 221 1754 xit.)
254 1711 468 1749 θεύσεαι.
493 1712 551 1756 (λ’,
575 1715 676 1760 700)
702 1716 857 1762 δράμῃς.

185 1780 264 1814 626.
314 1779 361 1822 α’,
385 1783 475 1825 286,
498 1781 552 1825 θ’,
580 1781 668 1828 146,
695 1782 740 1827 κ’,
767 1787 854 1828 169,
879 1785 948 1819 Od.

137 1822 182 1866 σ’,
211 1828 277 1860 170
300 1806 370 1861 etc’.

184 1882 275 1924 627,
302 1885 382 1919 628.
432 1883 487 1919 οὐ
513 1905 558 1909 -
581 1884 741 1927 πόδες.
783 1888 816 1923 h.
843 1899 874 1922 e.
901 1886 947 1923 οὐ

135 1926 206 1983 γὰρ
242 1927 294 1963 ε’τι
325 1928 438 1972 πόδες
471 1931 563 1967 εἰσὶν
599 1932 739 1976 ἔμπεδα
771 1937 872 1993 γυῖα.
903 1954 949 1959 —

136 1971 486 2012 (ἐπαΐσσονται
533 1978 658 2023 vulgo:
696 1979 946 2021 ἐπαΐσσονται,

135 2020 257 2054 menda
284 2033 351 2056 non
375 2023 608 2068 infrequente.
636 2038 669 2058 v.
685 2029 742 2062 52.
763 2038 837 2060 nam
856 2039 947 2060 men-

137 2066 213 2099 dam
239 2078 336 2109 esse,
362 2080 403 2102 ne
428 2070 588 2111 dubites,
614 2083 690 2106 cum
716 2073 904 2106 abhorreat
928 2085 948 2106 a

135 2112 316 2147 sententia.
365 2115 420 2148 Ε·
464 2115 730 2158 ἀπαίσσονται,
764 2118 948 2163 ηέπαΐσ-

136 2170 276 2193 σονται.
325 2160 519 2204 Hesiodus,
553 2168 694 2197 notante
717 2165 772 2205 Η,
811 2165 947 2223 Theog.

137 2206 232 2240 15o.·
258 2206 334 2239 τῶν
359 2206 490 2243 ἑκατόν
512 2206 580 2253 μὲν
602 2213 718 2255 χεῖρες
742 2209 797 2246 οἷπ
837 2224 948 2256 ωμων

134 2269 179 2277 ·-
204 2250 406 2288 αισσονῖαι.

180 2309 260 2344 629.
307 2322 355 2354 η,
382 2311 465 2353 157,
490 2310 532 2353 ι’,
557 2313 635 2348 669

179 2364 260 2400 630.
308 2366 459 2401 meminit
484 2370 636 2412 Nestor,
661 2373 700 2404 ut
719 2370 808 2404 solet
831 2370 884 2414 (v.
898 2369 945 2412 6,

133 2411 215 2453 319,
238 2409 281 2452 λ’,
300 2414 394 2454 669,
414 2426 503 2458 quae
518 2415 594 2449 loca
612 2416 810 2450 memoravit
828 2417 945 2451 Schol.

135 2456 267 2502 Ῡίοιη)
301 2459 469 2503 pristinae
501 2462 638 2495 virtutis
671 2474 753 2496 suae
777 2462 811 2495 in
835 2474 873 2496 re
897 2462 945 2495 si-

133 2502 214 2536 mili.
256 2505 461 2548 Amaryncei
485 2518 605 2540 nomen
629 2507 663 2540 in
688 2508 791 2542 Elide
815 2509 944 2542 clarum

132 2548 212 2581 fuit.
269 2549 524 2595 immigraverat
558 2559 659 2597 pater
695 2555 771 2598 ejus
807 2554 944 2597 Pyttius

133 2606 153 2628 e
176 2594 393 2630 Thessalia‘
384 2608 420 2630 ιιι
443 2597 598 2638 Elidem,
623 2598 699 2641 ipse
723 2611 803 2633 vero
828 2602 943 2635 Amat.

132 2651 206 2674 curn
230 2641 429 2676 Molionidis
462 2655 560 2687 opem
587 2622 672 2678 'tulit
703 2646 838 2689 Augiae
862 2658 943 2680 con-

132 2689 188 2719 tra
212 2687 407 2723 Herculem.
447 2689 941 2736 (Paus.5‚1.extr.)quo

132 2737 265 2766 mortuo
290 2734 353 2767 filii
385 2735 495 2816 Indos).
514 2735 676 2770 funebres
701 2738 840 2771 edixere
867 2738 941 2771 Bu-

128 2779 241 2821 prasii
275 2779 338 2823 (β’,
360 2779 449 2822 615,
507 2782 663 2826 ,7.,59)
696 2783 819 2827 quibus
852 2783 942 2817 ludis

131 2824 262 2858 Nestor
280 2826 447 2860 interfuit.
472 2785 616 2861 filiorum
635 2829 836 2872 Amaryncei
860 2830 942 2863 Dio-

129 2880 184 2902 res
208 2879 489 2907 commemoratur
512 2871 559 2919 β’,
583 2873 682 2913 622,
715 2875 821 2915 alius,
850 2876 940 2919 Hip-

126 2920 321 2959 posumus,
356 2918 416 2963 qui
449 2918 604 2964 corrupit
635 2898 821 2965 Hipponoi
835 2921 939 2955 filiam

131 2961 356 3005 Periboeam‚
399 2971 480 3009 post
523 2965 642 3000 Oeneo
676 2972 837 3012 nuptam,
882 2979 939 3013 ap.

130 3007 286 3053 Apollod.
312 3013 354 3052 1,
380 3011 422 3053 8,
446 3010 479 3045 4.
504 3011 625 3046 Exn.

1829 745 1837 831 Ξ

1830 834 1835 869 i

1831 898 1834 916 l

1827 965 1833 1002 l

991 1048 1200 1089 Αἰτωλῶν
1230 1045 1509 1101 μεγαθύμων.

1042 1532 1128 1572 633,
1155 1531 1233 1566 634.
1266 1532 1396 1574 „vicini
1421 1531 1593 1586 Epporum
1618 1534 1716 1564 erant
1744 1529 1807 1572 Py-

996 1577 1036 1610 lii
1059 1585 1094 1610 et
1120 1557 1253 1618 ’Aetolzss
1278 1589 1418 1622 qnorum
1446 1577 1479 1611 Ιιί
1503 1577 1640 1621 quidem
1665 1588 1706 1610 ex
1731 1575 1806 1608 Eli-

996 1623 1038 1655 de
1056 1622 1200 1658 oriundi.
1228 1624 1383 1668 Apollod.
1406 1626 1436 1664 1,
1454 1624 1488 1663 7,
1513 1626 1546 1659 6.
1567 1634 1676 1668 sequ„
1706 1622 1805 1655 Paus.
1837 1649 1847 1671 t

995 1669 1048 1702 El.
1074 1670 1106 1703 1.
1142 1681 1175 1714 p.
1213 1671 1314 1704 1-186
1317 1670 1393 1702 ‘E
1420 1670 1547 1702 Kraus.
1588 1688 1634 1693 —
1672 1667 1806 1702 ’‘-Hvo
1837 1694 1847 1717 e

994 1727 1093 1754 πος.
1140 1716 1226 1749 alius
1251 1716 1304 1749 hic
1332 1720 1385 1748 est
1411 1727 1452 1749 ac
1475 1716 1649 1770 Trojanus
1676 1725 1802 1758 cogno-

996 1760 1115 1801 minis,
1149 1762 1246 1805 cujus
1283 1764 1388 1807 poeta
1420 1761 1571 1796 meminit
1601 1758 1643 1804 ξ’,
1668 1760 1736 1796 445
1769 1764 1805 1793 et

995 1820 1044 1848 π,
1069 1806 1149 1842 401.

995 1921 1097 1942 caeus
1122 1912 1228 1943 Arcas
1251 1909 1297 1956 β’,

995 1956 1038 1988 de
1066 1956 1250 1997 Pleni-one,
1275 1948 1453 2000 metropoli
1477 1957 1685 1997 Aetolorum,
1710 1967 1742 1990 ν.
1757 1954 1803 2013 β,

995 2003 1075 2036 639.
1109 2019 1154 2026 -·
1187 1999 1237 2042 ὅς
1268 2015 1353 2045 μοι
1376 2003 1564 2048 ανεστη
1600 2003 1633 2036 Ιι.
1657 2013 1689 2035 e.
1712 2000 1803 2037 κατ’

994 2046 1104 2089 ἐμοῦ,
1129 2049 1258 2088 inme,
1283 2055 1321 2082 ut
1347 2050 1376 2082 A
1401 2049 1518 2082 Schol.
1539 2047 1729 2083 annotavit.
1751 2047 1801 2082 sic
1834 2065 1845 2098 q

994 2094 1122 2149 Οά)55.
1149 2092 1192 2137 σ’,
1218 2074 1321 2130 334.ι
1353 2093 1462 2139 μήτις
1492 2107 1550 2130 τοι
1584 2093 1677 2138 τάχα
1697 2091 1800 2137 Ἴρου
1832 2110 1847 2144 ιι

994 2138 1155 2183 ἀμείνων
1183 2120 1298 2180 ἄλλος
1330 2140 1481 2186 ἀναστῇ.
1532 2140 1617 2174 alias
1648 2139 1800 2175 ανίστα-

994 2189 1087 2221 σθαί
1111 2197 1206 2221 τισιν
1230 2193 1285 2220 est
1311 2198 1454 2241 surgere
1476 2188 1573 2230 apud
1602 2187 1734 2232 aliquos
1757 2186 1801 2220 ad

992 2232 1181 2266 dicendum.
1230 2243 1262 2265 v.
1297 2231 1345 2274 α’,
1381 2233 1544 2274 68,101
1571 2238 1637 2266 etc.
1673 2251 1716 2258 -
1758 2232 1803 2267 de
1832 2249 1847 2271 ι(

992 2279 1121 2322 Iphiclo
1146 2283 1182 2312 et
1211 2278 1328 2312 Philet»
1352 2290 1384 2312 v.
1405 2278 1451 2324 β,
1475 2280 1544 2314 628
1566 2284 1603 2313 et
1626 2279 1706 2314 705.
1740 2279 1802 2312 Po·
1834 2285 1847 2318 5

992 2325 1129 2367 lydorus
1152 2324 1210 2357 ille
1235 2324 1372 2367 ignotus
1392 2330 1464 2358 est.
1487 2323 1701 2368 nequeenim
1719 2335 1800 2369 pro·
1835 2340 1847 2362 ι

991 2376 1071 2416 pter
1093 2372 1173 2406 632.
1198 2375 1234 2403 et
1256 2372 1336 2406 633.
1368 2370 1508 2405 videtur
1528 2370 1676 2414 intelligi
1699 2382 1800 2425 posse
1834 2377 1847 2411 a

992 2415 1281 2461 Hippomedontis
1305 2416 1425 2460 Argivi
1459 2416 1551 2450 filius
1575 2416 1798 2460 cognominis,
1832 2434 1846 2456 ι

991 2473 1076 2495 unus
1112 2462 1359 2519 Epigonorum.
1399 2480 1442 2487 -
1492 2461 1796 2507 παρήλασαν.
1831 2467 1847 2509 ἕ,

989 2509 1059 2543 382
1083 2513 1149 2542 etc.
1180 2526 1224 2532 —
1252 2507 1545 2564 Ἀκτορίωνε.
1580 2508 1726 2545 creatus
1761 2512 1796 2542 et
1830 2533 1847 2539 -

989 2554 1156 2597 Eurytus.
1188 2551 1234 2600 β’,
1258 2556 1337 2591 621.
1360 2574 1404 2580 -
1439 2552 1635 2600 πλήθει,
1655 2559 1796 2598 propter
1823 2563 1847 2597 ε,

989 2601 1244 2634 multitudinem
1263 2611 1454 2642 cursorum,
1477 2611 1619 2646 quorum
1639 2600 1727 2633 alter
1744 2599 1794 2633 nl·
1828 2620 1847 2648 μ

987 2651 1099 2679 terum
1130 2646 1348 2692 impediebat.
1404 2646 1456 2681 ita
1488 2648 1615 2680 factum
1647 2650 1722 2686 est,
1757 2649 1793 2680 ut
1829 2666 1847 2689 ι,

988 2691 1112 2725 fortius
1137 2703 1157 2725 a
1181 2693 1314 2726 duobus
1338 2703 1439 2736 quam
1463 2691 1520 2726 alii
1544 2692 1588 2726 ab
1611 2702 1679 2725 uno
1703 2690 1792 2725 auri·
1834 2713 1847 2740 μ

987 2748 1033 2781 ga
1056 2737 1186 2771 incitati
1212 2738 1291 2782 equi
1314 2737 1576 2778 Aemi-iduum,
1610 2737 1668 2782 qui
1697 2737 1791 2772 simul
1834 2758 1842 2780 5

987 2782 1104 2817 eodem
1126 2795 1229 2817 curru
1254 2783 1520 2824 invehebantur,
1553 2788 1690 2818 ceteros
1711 2782 1789 2838 ipsi-

986 2840 1094 2873 usque
1117 2828 1278 2863 Nestoris
1302 2833 1574 2873 praeverterent.
1598 2849 1643 2855 —
1675 2827 1788 2871 πρό·
1832 2852 1841 2873 ⁰

987 2877 1075 2910 σθε
1107 2873 1359 2930 βαλόντες,
1387 2880 1656 2918 praeacuentes.
1689 2875 1787 2910 571*

984 2920 1133 2976 βλάψας
1171 2919 1212 2955 δέ
1242 2933 1313 2974 μοι
1353 2921 1516 2964 ἵππους,
1560 2919 1660 2962 Τοῦς
1703 2920 1786 2962 σούς

983 2966 1126 3010 πρόσθε
1150 2968 1287 3011 βαλων.
1311 2987 1354 2992 -
1390 2966 1491 3002 Sch.=
1526 2963 1783 3022 ἇγασσᾶμε-
1823 2981 1847 3013 ,η

984 3025 1073 3049 vot
1107 3012 1178 3058 (ρ,
1201 3014 1270 3058 71,
1295 3013 1424 3059 odyss.
1449 3011 1495 3056 δ’,
1519 3014 1617 3057 181.)
1641 3011 1783 3058 φθονή-
1821 3038 1844 3061 χ,

1317 1911 1395 1946 609.
1419 1931 1452 1935 -
1485 1908 1803 1953 Πλευρώνιον.
1839 1927 1847 1958 μ
