<?xml version="1.0" encoding="UTF-8"?>
<!DOCTYPE html PUBLIC "-//W3C//DTD XHTML 1.0 Transitional//EN"
    "http://www.w3.org/TR/xhtml1/DTD/xhtml1-transitional.dtd">
<html xmlns="http://www.w3.org/1999/xhtml" xml:lang="en" lang="en">
 <head>
  <title>
</title>
<meta http-equiv="Content-Type" content="text/html;charset=utf-8" />
  <meta name='ocr-system' content='tesseract 3.04.00' />
  <meta name='ocr-capabilities' content='ocr_page ocr_carea ocr_par ocr_line ocrx_word'/>
</head>
<body>
  <div class='ocr_page' id='page_1' title='image "./carmina02home/carmina02home_0519.png"; bbox 0 0 1847 3277; ppageno 0'>
   <div class='ocr_carea' id='block_1_1' title="bbox 68 0 82 172">
    <p class='ocr_par' dir='ltr' id='par_1_1' title="bbox 68 0 82 172">
     <span class='ocr_line' id='line_1_1' title="bbox 68 0 82 172; textangle 90"><span class='ocrx_word' id='word_1_1' title='bbox 68 0 82 172; x_wconf 25' lang='grc' dir='ltr'><strong><em>κήξ-ᾡς..</em></strong></span> 
     </span>
    </p>
   </div>
   <div class='ocr_carea' id='block_1_2' title="bbox 649 144 1181 186">
    <p class='ocr_par' dir='ltr' id='par_1_2' title="bbox 649 144 1181 186">
     <span class='ocr_line' id='line_1_2' title="bbox 649 144 1181 186; baseline -0.004 0"><span class='ocrx_word' id='word_1_2' title='bbox 649 144 1069 186; x_wconf 85' lang='grc' dir='ltr'><strong><em>ΙΛΙΑΔΟΣ</em></strong></span> <span class='ocrx_word' id='word_1_3' title='bbox 1125 145 1181 184; x_wconf 82' lang='grc' dir='ltr'><strong><em>Ω..</em></strong></span> 
     </span>
    </p>
   </div>
   <div class='ocr_carea' id='block_1_3' title="bbox 1639 145 1722 186">
    <p class='ocr_par' dir='ltr' id='par_1_3' title="bbox 1639 145 1722 186">
     <span class='ocr_line' id='line_1_3' title="bbox 1639 145 1722 186; baseline 0 0"><span class='ocrx_word' id='word_1_4' title='bbox 1639 145 1722 186; x_wconf 78' lang='grc'><strong><em>303</em></strong></span> 
     </span>
    </p>
   </div>
   <div class='ocr_carea' id='block_1_4' title="bbox 131 251 1451 549">
    <p class='ocr_par' dir='ltr' id='par_1_4' title="bbox 241 251 1401 366">
     <span class='ocr_line' id='line_1_4' title="bbox 241 251 1401 323; baseline -0.001 -26"><span class='ocrx_word' id='word_1_5' title='bbox 241 257 373 323; x_wconf 81' lang='grc' dir='ltr'><em>φοιτᾷ</em></span> <span class='ocrx_word' id='word_1_6' title='bbox 401 251 444 296; x_wconf 88' lang='grc' dir='ltr'><strong><em>δ’</em></strong></span> <span class='ocrx_word' id='word_1_7' title='bbox 475 252 572 295; x_wconf 80' lang='grc' dir='ltr'><strong><em>οὔτε</em></strong></span> <span class='ocrx_word' id='word_1_8' title='bbox 601 256 743 294; x_wconf 85' lang='grc' dir='ltr'><strong><em>θεοῖσι</em></strong></span> <span class='ocrx_word' id='word_1_9' title='bbox 770 251 1009 305; x_wconf 79' lang='grc' dir='ltr'><strong><em>τετιμένος,</em></strong></span> <span class='ocrx_word' id='word_1_10' title='bbox 1040 251 1140 295; x_wconf 79' lang='grc' dir='ltr'><strong><em>οὔτε</em></strong></span> <span class='ocrx_word' id='word_1_11' title='bbox 1168 254 1401 306; x_wconf 86' lang='grc' dir='ltr'><strong><em>βροτοῖσιν.</em></strong></span> 
     </span>
     <span class='ocr_line' id='line_1_5' title="bbox 241 306 1294 366; baseline -0.002 -13"><span class='ocrx_word' id='word_1_12' title='bbox 241 310 299 362; x_wconf 76' lang='grc' dir='ltr'><strong><em>ὡς</em></strong></span> <span class='ocrx_word' id='word_1_13' title='bbox 327 312 405 366; x_wconf 84' lang='grc' dir='ltr'><strong><em>μὲν</em></strong></span> <span class='ocrx_word' id='word_1_14' title='bbox 433 310 506 351; x_wconf 86' lang='grc' dir='ltr'><strong><em>καὶ</em></strong></span> <span class='ocrx_word' id='word_1_15' title='bbox 538 312 684 363; x_wconf 79' lang='grc' dir='ltr'><strong><em>Πηλῆϊ</em></strong></span> <span class='ocrx_word' id='word_1_16' title='bbox 708 308 803 351; x_wconf 80' lang='grc' dir='ltr'><strong><em>θεοὶ</em></strong></span> <span class='ocrx_word' id='word_1_17' title='bbox 833 307 969 351; x_wconf 81' lang='grc' dir='ltr'><strong><em>δόσαν</em></strong></span> <span class='ocrx_word' id='word_1_18' title='bbox 1007 306 1145 362; x_wconf 77' lang='grc' dir='ltr'><strong><em>ἀγλαὰ</em></strong></span> <span class='ocrx_word' id='word_1_19' title='bbox 1175 311 1294 362; x_wconf 88' lang='grc' dir='ltr'><strong><em>δωρα</em></strong></span> 
     </span>
    </p>

    <p class='ocr_par' dir='ltr' id='par_1_5' title="bbox 131 361 1451 532">
     <span class='ocr_line' id='line_1_6' title="bbox 131 361 1451 422; baseline -0.002 -11"><span class='ocrx_word' id='word_1_20' title='bbox 131 372 213 412; x_wconf 88' lang='grc'><strong><em>535</em></strong></span> <span class='ocrx_word' id='word_1_21' title='bbox 242 368 289 409; x_wconf 80' lang='grc' dir='ltr'><strong><em>ἐκ</em></strong></span> <span class='ocrx_word' id='word_1_22' title='bbox 317 369 511 422; x_wconf 85' lang='grc' dir='ltr'><strong><em>γενετῆς·</em></strong></span> <span class='ocrx_word' id='word_1_23' title='bbox 544 364 710 414; x_wconf 81' lang='grc' dir='ltr'><strong><em>πάντας</em></strong></span> <span class='ocrx_word' id='word_1_24' title='bbox 739 381 821 419; x_wconf 89' lang='grc' dir='ltr'><strong><em>γαρ</em></strong></span> <span class='ocrx_word' id='word_1_25' title='bbox 852 363 922 407; x_wconf 77' lang='grc' dir='ltr'><strong><em>ἐπ’</em></strong></span> <span class='ocrx_word' id='word_1_26' title='bbox 953 361 1222 418; x_wconf 75' lang='grc' dir='ltr'><strong><em>ἀνθρώπους</em></strong></span> <span class='ocrx_word' id='word_1_27' title='bbox 1252 365 1451 409; x_wconf 78' lang='grc' dir='ltr'>ἐκέκαστο</span> 
     </span>
     <span class='ocr_line' id='line_1_7' title="bbox 243 419 1401 491; baseline -0.001 -26"><span class='ocrx_word' id='word_1_28' title='bbox 243 422 357 478; x_wconf 81' lang='grc' dir='ltr'><strong><em>ὄλβῳ</em></strong></span> <span class='ocrx_word' id='word_1_29' title='bbox 388 438 451 470; x_wconf 90' lang='grc' dir='ltr'><strong><em>τε,</em></strong></span> <span class='ocrx_word' id='word_1_30' title='bbox 485 420 659 491; x_wconf 80' lang='grc' dir='ltr'><strong><em>πλούτῳ</em></strong></span> <span class='ocrx_word' id='word_1_31' title='bbox 689 437 751 472; x_wconf 88' lang='grc' dir='ltr'><strong><em>τε,</em></strong></span> <span class='ocrx_word' id='word_1_32' title='bbox 785 420 944 463; x_wconf 76' lang='grc' dir='ltr'><strong><em>ἄνασσε</em></strong></span> <span class='ocrx_word' id='word_1_33' title='bbox 975 420 1021 463; x_wconf 80' lang='grc' dir='ltr'><strong><em>δὲ</em></strong></span> <span class='ocrx_word' id='word_1_34' title='bbox 1054 419 1401 475; x_wconf 80' lang='grc' dir='ltr'><strong><em>Μυρμιδόνεσσι,</em></strong></span> 
     </span>
     <span class='ocr_line' id='line_1_8' title="bbox 239 475 1286 549; baseline -0.003 -28"><span class='ocrx_word' id='word_1_35' title='bbox 239 481 314 521; x_wconf 85' lang='grc' dir='ltr'><strong><em>καί</em></strong></span> <span class='ocrx_word' id='word_1_36' title='bbox 342 480 387 521; x_wconf 84' lang='grc' dir='ltr'><strong><em>οἱ</em></strong></span> <span class='ocrx_word' id='word_1_37' title='bbox 412 481 560 549; x_wconf 82' lang='grc' dir='ltr'><strong><em>θνητῷ</em></strong></span> <span class='ocrx_word' id='word_1_38' title='bbox 591 476 707 520; x_wconf 80' lang='grc' dir='ltr'><strong><em>ἐόντι</em></strong></span> <span class='ocrx_word' id='word_1_39' title='bbox 735 475 848 520; x_wconf 82' lang='grc' dir='ltr'><strong><em>θεάν</em></strong></span> <span class='ocrx_word' id='word_1_40' title='bbox 862 479 1066 546; x_wconf 88' lang='grc' dir='ltr'><strong><em>ποίησαν</em></strong></span> <span class='ocrx_word' id='word_1_41' title='bbox 1096 476 1286 520; x_wconf 74' lang='grc' dir='ltr'><strong><em>ακοιτιν·</em></strong></span> 
     </span>
    </p>
   </div>
   <div class='ocr_carea' id='block_1_5' title="bbox 238 532 900 588">
    <p class='ocr_par' dir='ltr' id='par_1_6' title="bbox 238 532 900 588">
     <span class='ocr_line' id='line_1_9' title="bbox 238 532 900 588; baseline -0.003 -11"><span class='ocrx_word' id='word_1_42' title='bbox 238 532 334 577; x_wconf 80' lang='grc' dir='ltr'><strong><em>ἀλλ’</em></strong></span> <span class='ocrx_word' id='word_1_43' title='bbox 366 534 434 577; x_wconf 81' lang='grc' dir='ltr'><strong><em>ἐπὶ</em></strong></span> <span class='ocrx_word' id='word_1_44' title='bbox 464 535 536 577; x_wconf 87' lang='grc' dir='ltr'><strong><em>καὶ</em></strong></span> <span class='ocrx_word' id='word_1_45' title='bbox 568 537 630 587; x_wconf 79' lang='grc' dir='ltr'><strong><em>τῷ</em></strong></span> <span class='ocrx_word' id='word_1_46' title='bbox 658 537 767 588; x_wconf 82' lang='grc' dir='ltr'><strong><em>θῆκε</em></strong></span> <span class='ocrx_word' id='word_1_47' title='bbox 795 532 900 584; x_wconf 85' lang='grc' dir='ltr'><strong><em>θεὸς</em></strong></span> 
     </span>
    </p>
   </div>
   <div class='ocr_carea' id='block_1_6' title="bbox 928 531 1404 584">
    <p class='ocr_par' dir='ltr' id='par_1_7' title="bbox 928 531 1404 584">
     <span class='ocr_line' id='line_1_10' title="bbox 928 531 1404 584; baseline -0.002 -8"><span class='ocrx_word' id='word_1_48' title='bbox 928 550 1086 584; x_wconf 69' lang='grc' dir='ltr'><strong><em>κακον,</em></strong></span> <span class='ocrx_word' id='word_1_49' title='bbox 1117 549 1208 577; x_wconf 79' lang='lat' dir='ltr'><strong><em>otn</em></strong></span> <span class='ocrx_word' id='word_1_50' title='bbox 1235 549 1275 576; x_wconf 80' lang='lat' dir='ltr'><strong><em>Ol</em></strong></span> <span class='ocrx_word' id='word_1_51' title='bbox 1308 531 1404 575; x_wconf 67' lang='lat' dir='ltr'><strong><em>ol&#39;a&#39;n</em></strong></span> 
     </span>
    </p>
   </div>
   <div class='ocr_carea' id='block_1_7' title="bbox 125 589 1550 1057">
    <p class='ocr_par' dir='ltr' id='par_1_8' title="bbox 125 589 1434 700">
     <span class='ocr_line' id='line_1_11' title="bbox 237 589 1335 646; baseline -0.003 -12"><span class='ocrx_word' id='word_1_52' title='bbox 237 592 407 634; x_wconf 83' lang='grc' dir='ltr'><strong><em>παίδων</em></strong></span> <span class='ocrx_word' id='word_1_53' title='bbox 437 589 486 632; x_wconf 81' lang='grc' dir='ltr'><strong><em>ἐν</em></strong></span> <span class='ocrx_word' id='word_1_54' title='bbox 515 589 744 646; x_wconf 77' lang='grc' dir='ltr'><strong><em>μεγάροισι</em></strong></span> <span class='ocrx_word' id='word_1_55' title='bbox 770 591 879 645; x_wconf 84' lang='grc' dir='ltr'><strong><em>γονὴ</em></strong></span> <span class='ocrx_word' id='word_1_56' title='bbox 909 591 1055 644; x_wconf 78' lang='grc' dir='ltr'><strong><em>γένετο</em></strong></span> <span class='ocrx_word' id='word_1_57' title='bbox 1083 589 1335 642; x_wconf 82' lang='grc' dir='ltr'><strong><em>κρειόντων,</em></strong></span> 
     </span>
     <span class='ocr_line' id='line_1_12' title="bbox 125 644 1434 700; baseline -0.003 -8"><span class='ocrx_word' id='word_1_58' title='bbox 125 651 207 692; x_wconf 87' lang='grc'><strong><em>540</em></strong></span> <span class='ocrx_word' id='word_1_59' title='bbox 237 645 333 689; x_wconf 79' lang='grc' dir='ltr'><strong><em>ἀλλ’</em></strong></span> <span class='ocrx_word' id='word_1_60' title='bbox 365 646 441 689; x_wconf 81' lang='grc' dir='ltr'><strong><em>ἕνα</em></strong></span> <span class='ocrx_word' id='word_1_61' title='bbox 469 648 604 689; x_wconf 89' lang='grc' dir='ltr'><strong><em>παῖδα</em></strong></span> <span class='ocrx_word' id='word_1_62' title='bbox 633 647 753 689; x_wconf 82' lang='grc' dir='ltr'><strong><em>τέκεν</em></strong></span> <span class='ocrx_word' id='word_1_63' title='bbox 782 645 1059 699; x_wconf 75' lang='grc' dir='ltr'><strong><em>παναώριον·</em></strong></span> <span class='ocrx_word' id='word_1_64' title='bbox 1090 644 1193 689; x_wconf 83' lang='grc' dir='ltr'><strong><em>οὐδέ</em></strong></span> <span class='ocrx_word' id='word_1_65' title='bbox 1223 662 1279 688; x_wconf 87' lang='grc' dir='ltr'><strong><em>νυ</em></strong></span> <span class='ocrx_word' id='word_1_66' title='bbox 1306 644 1434 700; x_wconf 86' lang='grc' dir='ltr'><strong><em>τόνγε</em></strong></span> 
     </span>
    </p>

    <p class='ocr_par' dir='ltr' id='par_1_9' title="bbox 231 701 1347 773">
     <span class='ocr_line' id='line_1_13' title="bbox 231 701 1347 773; baseline -0.001 -27"><span class='ocrx_word' id='word_1_67' title='bbox 231 704 507 773; x_wconf 82' lang='grc' dir='ltr'><strong><em>γηράσκοντα</em></strong></span> <span class='ocrx_word' id='word_1_68' title='bbox 530 704 710 758; x_wconf 84' lang='grc' dir='ltr'><strong><em>κομίζω,</em></strong></span> <span class='ocrx_word' id='word_1_69' title='bbox 739 702 829 746; x_wconf 83' lang='grc' dir='ltr'><strong><em>ἐπεὶ</em></strong></span> <span class='ocrx_word' id='word_1_70' title='bbox 859 702 974 756; x_wconf 85' lang='grc' dir='ltr'><strong><em>μάλα</em></strong></span> <span class='ocrx_word' id='word_1_71' title='bbox 1002 701 1155 757; x_wconf 80' lang='grc' dir='ltr'><strong><em>τηλόθι</em></strong></span> <span class='ocrx_word' id='word_1_72' title='bbox 1182 701 1347 757; x_wconf 82' lang='grc' dir='ltr'><strong><em>πάτρης</em></strong></span> 
     </span>
    </p>

    <p class='ocr_par' dir='ltr' id='par_1_10' title="bbox 234 757 1372 828">
     <span class='ocr_line' id='line_1_14' title="bbox 234 757 1372 828; baseline 0 -25"><span class='ocrx_word' id='word_1_73' title='bbox 234 762 340 815; x_wconf 82' lang='grc' dir='ltr'><strong><em>ἡμαι</em></strong></span> <span class='ocrx_word' id='word_1_74' title='bbox 369 759 433 802; x_wconf 84' lang='grc' dir='ltr'><strong><em>ένὶ</em></strong></span> <span class='ocrx_word' id='word_1_75' title='bbox 461 761 621 814; x_wconf 84' lang='grc' dir='ltr'><strong><em>Τροίῃ,</em></strong></span> <span class='ocrx_word' id='word_1_76' title='bbox 652 759 698 802; x_wconf 88' lang='grc' dir='ltr'><strong><em>σε’</em></strong></span> <span class='ocrx_word' id='word_1_77' title='bbox 727 775 772 802; x_wconf 88' lang='grc' dir='ltr'><strong><em>τε</em></strong></span> <span class='ocrx_word' id='word_1_78' title='bbox 800 757 968 828; x_wconf 78' lang='grc' dir='ltr'><strong><em>κήδων,</em></strong></span> <span class='ocrx_word' id='word_1_79' title='bbox 999 758 1074 825; x_wconf 77' lang='grc' dir='ltr'><strong><em>ήόὲ</em></strong></span> <span class='ocrx_word' id='word_1_80' title='bbox 1104 759 1161 802; x_wconf 79' lang='grc' dir='ltr'><strong><em>σὰ</em></strong></span> <span class='ocrx_word' id='word_1_81' title='bbox 1188 758 1328 802; x_wconf 81' lang='grc' dir='ltr'><strong><em>τέκνα</em></strong></span> <span class='ocrx_word' id='word_1_82' title='bbox 1368 802 1372 803; x_wconf 19' lang='lat'><em>⁷</em></span> 
     </span>
    </p>

    <p class='ocr_par' dir='ltr' id='par_1_11' title="bbox 233 811 1458 885">
     <span class='ocr_line' id='line_1_15' title="bbox 233 811 1458 885; baseline -0.002 -25"><span class='ocrx_word' id='word_1_83' title='bbox 233 817 306 860; x_wconf 82' lang='grc' dir='ltr'><strong><em>καὶ</em></strong></span> <span class='ocrx_word' id='word_1_84' title='bbox 336 815 406 867; x_wconf 78' lang='grc' dir='ltr'><strong><em>σὲ,</em></strong></span> <span class='ocrx_word' id='word_1_85' title='bbox 435 816 588 870; x_wconf 83' lang='grc' dir='ltr'><strong><em>γέρον,</em></strong></span> <span class='ocrx_word' id='word_1_86' title='bbox 618 816 776 869; x_wconf 85' lang='grc' dir='ltr'><strong><em>τοπρὶν</em></strong></span> <span class='ocrx_word' id='word_1_87' title='bbox 805 816 885 870; x_wconf 79' lang='grc' dir='ltr'><strong><em>μὲν</em></strong></span> <span class='ocrx_word' id='word_1_88' title='bbox 913 814 1134 870; x_wconf 81' lang='grc' dir='ltr'><strong><em>ἀκούομεν</em></strong></span> <span class='ocrx_word' id='word_1_89' title='bbox 1165 814 1328 885; x_wconf 82' lang='grc' dir='ltr'><strong><em>ὄλβιον</em></strong></span> <span class='ocrx_word' id='word_1_90' title='bbox 1343 811 1458 858; x_wconf 84' lang='grc' dir='ltr'><strong><em>εἶναι</em></strong></span> 
     </span>
    </p>

    <p class='ocr_par' dir='ltr' id='par_1_12' title="bbox 125 870 1474 985">
     <span class='ocr_line' id='line_1_16' title="bbox 236 870 1460 942; baseline -0.001 -27"><span class='ocrx_word' id='word_1_91' title='bbox 236 872 390 928; x_wconf 83' lang='grc' dir='ltr'><strong><em>(ὅσσον</em></strong></span> <span class='ocrx_word' id='word_1_92' title='bbox 419 873 586 926; x_wconf 83' lang='grc' dir='ltr'><strong><em>Λέσβος</em></strong></span> <span class='ocrx_word' id='word_1_93' title='bbox 614 889 728 916; x_wconf 89' lang='grc' dir='ltr'><strong><em>ανω</em></strong></span> <span class='ocrx_word' id='word_1_94' title='bbox 767 871 984 925; x_wconf 81' lang='grc' dir='ltr'><strong><em>Μάκαρος</em></strong></span> <span class='ocrx_word' id='word_1_95' title='bbox 1014 871 1132 923; x_wconf 75' lang='grc' dir='ltr'><strong><em>ἕδος,</em></strong></span> <span class='ocrx_word' id='word_1_96' title='bbox 1161 872 1283 922; x_wconf 82' lang='grc' dir='ltr'><strong><em>ε’ντός</em></strong></span> <span class='ocrx_word' id='word_1_97' title='bbox 1311 870 1460 942; x_wconf 82' lang='grc' dir='ltr'><strong><em>ἐέργει,</em></strong></span> 
     </span>
     <span class='ocr_line' id='line_1_17' title="bbox 125 925 1474 1000; baseline -0.003 -26"><span class='ocrx_word' id='word_1_98' title='bbox 125 932 206 974; x_wconf 83' lang='grc'><strong><em>545</em></strong></span> <span class='ocrx_word' id='word_1_99' title='bbox 234 931 308 972; x_wconf 88' lang='grc' dir='ltr'><strong><em>καὶ</em></strong></span> <span class='ocrx_word' id='word_1_100' title='bbox 343 930 513 985; x_wconf 83' lang='grc' dir='ltr'><strong><em>Φρυγίη</em></strong></span> <span class='ocrx_word' id='word_1_101' title='bbox 543 928 800 981; x_wconf 83' lang='grc' dir='ltr'><strong><em>καθύπερθε</em></strong></span> <span class='ocrx_word' id='word_1_102' title='bbox 830 930 904 971; x_wconf 87' lang='grc' dir='ltr'><strong><em>καὶ</em></strong></span> <span class='ocrx_word' id='word_1_103' title='bbox 927 927 1259 1000; x_wconf 77' lang='grc' dir='ltr'><strong><em>Ελλήσποντος</em></strong></span> <span class='ocrx_word' id='word_1_104' title='bbox 1272 925 1474 980; x_wconf 83' lang='grc' dir='ltr'><strong><em>άπείρων,</em></strong></span> 
     </span>
    </p>

    <p class='ocr_par' dir='ltr' id='par_1_13' title="bbox 232 983 1550 1057">
     <span class='ocr_line' id='line_1_18' title="bbox 232 983 1550 1057; baseline -0.002 -28"><span class='ocrx_word' id='word_1_105' title='bbox 232 990 294 1057; x_wconf 76' lang='grc' dir='ltr'><strong><em>τῷ</em></strong></span> <span class='ocrx_word' id='word_1_106' title='bbox 323 999 389 1053; x_wconf 80' lang='grc' dir='ltr'><strong><em>σε,</em></strong></span> <span class='ocrx_word' id='word_1_107' title='bbox 417 986 570 1040; x_wconf 84' lang='grc' dir='ltr'><strong><em>γέρον,</em></strong></span> <span class='ocrx_word' id='word_1_108' title='bbox 601 985 776 1041; x_wconf 84' lang='grc' dir='ltr'><strong><em>πλούτῳ</em></strong></span> <span class='ocrx_word' id='word_1_109' title='bbox 806 1001 872 1055; x_wconf 54' lang='grc' dir='ltr'><strong><em>τε,</em></strong></span> <span class='ocrx_word' id='word_1_110' title='bbox 899 986 974 1028; x_wconf 88' lang='grc' dir='ltr'><strong><em>καὶ</em></strong></span> <span class='ocrx_word' id='word_1_111' title='bbox 1003 983 1123 1028; x_wconf 84' lang='grc' dir='ltr'><strong><em>υἱάσι</em></strong></span> <span class='ocrx_word' id='word_1_112' title='bbox 1155 985 1264 1038; x_wconf 87' lang='grc' dir='ltr'><strong><em>φασὶ</em></strong></span> <span class='ocrx_word' id='word_1_113' title='bbox 1294 983 1550 1040; x_wconf 84' lang='grc' dir='ltr'><strong><em>κεκάσθαι)-</em></strong></span> 
     </span>
    </p>
   </div>
   <div class='ocr_carea' id='block_1_8' title="bbox 235 1039 1382 1113">
    <p class='ocr_par' dir='ltr' id='par_1_14' title="bbox 235 1039 1382 1113">
     <span class='ocr_line' id='line_1_19' title="bbox 235 1039 1382 1113; baseline -0.002 -28"><span class='ocrx_word' id='word_1_114' title='bbox 235 1042 374 1096; x_wconf 82' lang='grc' dir='ltr'><strong><em>αὐτάρ</em></strong></span> <span class='ocrx_word' id='word_1_115' title='bbox 405 1043 494 1085; x_wconf 78' lang='grc' dir='ltr'><strong><em>ἐπεί</em></strong></span> <span class='ocrx_word' id='word_1_116' title='bbox 521 1060 591 1085; x_wconf 91' lang='grc' dir='ltr'><strong><em>τοι</em></strong></span> <span class='ocrx_word' id='word_1_117' title='bbox 619 1046 741 1096; x_wconf 87' lang='grc' dir='ltr'><strong><em>πῆμα</em></strong></span> <span class='ocrx_word' id='word_1_118' title='bbox 771 1040 865 1085; x_wconf 86' lang='grc' dir='ltr'><strong><em>τόδ’</em></strong></span> <span class='ocrx_word' id='word_1_119' title='bbox 897 1041 1062 1113; x_wconf 77' lang='grc' dir='ltr'><strong><em>ἤγαγον</em></strong></span> <span class='ocrx_word' id='word_1_120' title='bbox 1094 1039 1382 1094; x_wconf 81' lang='grc' dir='ltr'><strong><em>Οὐρανίωνες,</em></strong></span> 
     </span>
    </p>
   </div>
   <div class='ocr_carea' id='block_1_9' title="bbox 233 1097 923 1152">
    <p class='ocr_par' dir='ltr' id='par_1_15' title="bbox 233 1097 923 1152">
     <span class='ocr_line' id='line_1_20' title="bbox 233 1097 923 1152; baseline -0.003 -10"><span class='ocrx_word' id='word_1_121' title='bbox 233 1101 317 1142; x_wconf 86' lang='grc' dir='ltr'><strong><em>αἰεί</em></strong></span> <span class='ocrx_word' id='word_1_122' title='bbox 344 1116 412 1142; x_wconf 92' lang='grc' dir='ltr'><strong><em>τοι</em></strong></span> <span class='ocrx_word' id='word_1_123' title='bbox 441 1100 540 1150; x_wconf 86' lang='grc' dir='ltr'><strong><em>περὶ</em></strong></span> <span class='ocrx_word' id='word_1_124' title='bbox 570 1098 678 1141; x_wconf 87' lang='grc' dir='ltr'><strong><em>άστυ</em></strong></span> <span class='ocrx_word' id='word_1_125' title='bbox 708 1097 840 1152; x_wconf 84' lang='grc' dir='ltr'><strong><em>μάχαι</em></strong></span> <span class='ocrx_word' id='word_1_126' title='bbox 868 1097 923 1148; x_wconf 92' lang='grc' dir='ltr'><strong><em>τ,</em></strong></span> 
     </span>
    </p>
   </div>
   <div class='ocr_carea' id='block_1_10' title="bbox 963 1098 1358 1152">
    <p class='ocr_par' dir='ltr' id='par_1_16' title="bbox 963 1098 1358 1152">
     <span class='ocr_line' id='line_1_21' title="bbox 963 1098 1358 1152; baseline -0.003 -11"><span class='ocrx_word' id='word_1_127' title='bbox 963 1098 1274 1152; x_wconf 79' lang='grc' dir='ltr'><strong><em>ἀνδροκτασίαι</em></strong></span> <span class='ocrx_word' id='word_1_128' title='bbox 1301 1113 1358 1140; x_wconf 88' lang='grc' dir='ltr'><strong><em>τε.</em></strong></span> 
     </span>
    </p>
   </div>
   <div class='ocr_carea' id='block_1_11' title="bbox 234 1152 1426 1210">
    <p class='ocr_par' dir='ltr' id='par_1_17' title="bbox 234 1152 1426 1210">
     <span class='ocr_line' id='line_1_22' title="bbox 234 1152 1426 1210; baseline -0.002 -12"><span class='ocrx_word' id='word_1_129' title='bbox 234 1155 410 1210; x_wconf 86' lang='grc' dir='ltr'><strong><em>ανσχεο,</em></strong></span> <span class='ocrx_word' id='word_1_130' title='bbox 441 1154 549 1210; x_wconf 88' lang='grc' dir='ltr'><strong><em>μηδ’</em></strong></span> <span class='ocrx_word' id='word_1_131' title='bbox 579 1154 784 1197; x_wconf 80' lang='grc' dir='ltr'><strong><em>ἀλίαστον</em></strong></span> <span class='ocrx_word' id='word_1_132' title='bbox 817 1153 974 1208; x_wconf 89' lang='grc' dir='ltr'><strong><em>ὀδύρεο</em></strong></span> <span class='ocrx_word' id='word_1_133' title='bbox 1007 1155 1086 1197; x_wconf 80' lang='grc' dir='ltr'><strong><em>σὸν</em></strong></span> <span class='ocrx_word' id='word_1_134' title='bbox 1115 1154 1226 1197; x_wconf 77' lang='grc' dir='ltr'><strong><em>κατά</em></strong></span> <span class='ocrx_word' id='word_1_135' title='bbox 1254 1152 1426 1209; x_wconf 85' lang='grc' dir='ltr'><strong><em>θυμόν·</em></strong></span> 
     </span>
    </p>
   </div>
   <div class='ocr_carea' id='block_1_12' title="bbox 121 1208 1552 1324">
    <p class='ocr_par' dir='ltr' id='par_1_18' title="bbox 121 1208 1512 1324">
     <span class='ocr_line' id='line_1_23' title="bbox 121 1208 1240 1281; baseline -0.005 -24"><span class='ocrx_word' id='word_1_136' title='bbox 121 1217 202 1257; x_wconf 89' lang='grc'><strong><em>550</em></strong></span> <span class='ocrx_word' id='word_1_137' title='bbox 233 1212 286 1256; x_wconf 85' lang='grc' dir='ltr'><strong><em>οὐ</em></strong></span> <span class='ocrx_word' id='word_1_138' title='bbox 316 1211 400 1266; x_wconf 87' lang='grc' dir='ltr'><strong><em>γάρ</em></strong></span> <span class='ocrx_word' id='word_1_139' title='bbox 430 1229 472 1255; x_wconf 92' lang='grc' dir='ltr'><strong><em>τι</em></strong></span> <span class='ocrx_word' id='word_1_140' title='bbox 485 1210 676 1281; x_wconf 85' lang='grc' dir='ltr'><strong><em>πρήξεις</em></strong></span> <span class='ocrx_word' id='word_1_141' title='bbox 700 1208 974 1281; x_wconf 73' lang='grc' dir='ltr'><strong><em>ἀκαχήμενος</em></strong></span> <span class='ocrx_word' id='word_1_142' title='bbox 1003 1208 1102 1260; x_wconf 84' lang='grc' dir='ltr'><strong><em>υἷος</em></strong></span> <span class='ocrx_word' id='word_1_143' title='bbox 1128 1210 1240 1264; x_wconf 85' lang='grc' dir='ltr'><strong><em>ε’ῆος,</em></strong></span> 
     </span>
     <span class='ocr_line' id='line_1_24' title="bbox 232 1266 1552 1324; baseline -0.003 -12"><span class='ocrx_word' id='word_1_144' title='bbox 232 1269 335 1312; x_wconf 84' lang='grc' dir='ltr'><strong><em>οὐδέ</em></strong></span> <span class='ocrx_word' id='word_1_145' title='bbox 365 1285 440 1324; x_wconf 90' lang='grc' dir='ltr'><strong><em>μιν</em></strong></span> <span class='ocrx_word' id='word_1_146' title='bbox 470 1267 717 1323; x_wconf 79' lang='grc' dir='ltr'><strong><em>ἀνστήσεις·</em></strong></span> <span class='ocrx_word' id='word_1_147' title='bbox 753 1267 860 1320; x_wconf 87' lang='grc' dir='ltr'><strong><em>πρὶν</em></strong></span> <span class='ocrx_word' id='word_1_148' title='bbox 891 1268 964 1311; x_wconf 85' lang='grc' dir='ltr'><strong><em>καὶ</em></strong></span> <span class='ocrx_word' id='word_1_149' title='bbox 992 1267 1131 1311; x_wconf 81' lang='grc' dir='ltr'><strong><em>κακόν</em></strong></span> <span class='ocrx_word' id='word_1_150' title='bbox 1162 1266 1266 1310; x_wconf 80' lang='grc' dir='ltr'><strong><em>ἄλλο</em></strong></span> <span class='ocrx_word' id='word_1_151' title='bbox 1296 1266 1552 1323; x_wconf 84' lang='grc' dir='ltr'><strong><em>πάθησθα.“</em></strong></span> 
     </span>
    </p>
   </div>
   <div class='ocr_carea' id='block_1_13' title="bbox 45 1380 867 3042">
    <p class='ocr_par' dir='ltr' id='par_1_19' title="bbox 45 1380 867 3042">
     <span class='ocr_line' id='line_1_25' title="bbox 60 1380 867 1427; baseline 0.001 -11"><span class='ocrx_word' id='word_1_152' title='bbox 60 1383 125 1427; x_wconf 77' lang='grc' dir='ltr'><strong><em>μῷ</em></strong></span> <span class='ocrx_word' id='word_1_153' title='bbox 152 1380 189 1416; x_wconf 87' lang='grc' dir='ltr'><strong><em>δ’</em></strong></span> <span class='ocrx_word' id='word_1_154' title='bbox 214 1382 459 1418; x_wconf 89' lang='grc' dir='ltr'><strong><em>οικτιστον</em></strong></span> <span class='ocrx_word' id='word_1_155' title='bbox 484 1381 689 1418; x_wconf 77' lang='grc' dir='ltr'><strong><em>θανέειν</em></strong></span> <span class='ocrx_word' id='word_1_156' title='bbox 714 1382 774 1418; x_wconf 84' lang='grc' dir='ltr'><strong><em>καὶ</em></strong></span> <span class='ocrx_word' id='word_1_157' title='bbox 797 1382 867 1417; x_wconf 85' lang='grc' dir='ltr'><strong><em>πό-</em></strong></span> 
     </span>
     <span class='ocr_line' id='line_1_26' title="bbox 59 1427 865 1486; baseline 0 -22"><span class='ocrx_word' id='word_1_158' title='bbox 59 1441 152 1472; x_wconf 84' lang='grc' dir='ltr'><strong><em>τμον</em></strong></span> <span class='ocrx_word' id='word_1_159' title='bbox 176 1427 353 1464; x_wconf 75' lang='grc' dir='ltr'><strong><em>ἐπισπεῖν.</em></strong></span> <span class='ocrx_word' id='word_1_160' title='bbox 378 1449 423 1455; x_wconf 83' lang='grc'><strong>-</strong></span> <span class='ocrx_word' id='word_1_161' title='bbox 458 1429 560 1463; x_wconf 47' lang='lat' dir='ltr'><strong><em>seha</em></strong></span> <span class='ocrx_word' id='word_1_162' title='bbox 599 1431 764 1486; x_wconf 77' lang='grc' dir='ltr'><strong><em>φοιτᾷ.</em></strong></span> <span class='ocrx_word' id='word_1_163' title='bbox 799 1428 865 1474; x_wconf 79' lang='grc' dir='ltr'><strong><em>(γ’,</em></strong></span> 
     </span>
     <span class='ocr_line' id='line_1_27' title="bbox 61 1473 754 1520; baseline -0.004 -9"><span class='ocrx_word' id='word_1_164' title='bbox 61 1475 127 1511; x_wconf 78' lang='grc'><strong><em>449</em></strong></span> <span class='ocrx_word' id='word_1_165' title='bbox 149 1476 234 1518; x_wconf 85' lang='lat' dir='ltr'>etc.)</span> <span class='ocrx_word' id='word_1_166' title='bbox 260 1473 533 1518; x_wconf 77' lang='grc' dir='ltr'><strong><em>ε’πιπορενεται,</em></strong></span> <span class='ocrx_word' id='word_1_167' title='bbox 557 1473 754 1520; x_wconf 75' lang='grc' dir='ltr'><strong><em>ἐπέρχεται.</em></strong></span> 
     </span>
     <span class='ocr_line' id='line_1_28' title="bbox 106 1520 866 1560; baseline -0.001 -4"><span class='ocrx_word' id='word_1_168' title='bbox 106 1522 226 1557; x_wconf 84' lang='grc'>535-</span> <span class='ocrx_word' id='word_1_169' title='bbox 236 1522 315 1556; x_wconf 77' lang='lat'>545.</span> <span class='ocrx_word' id='word_1_170' title='bbox 350 1520 600 1560; x_wconf 74' lang='grc' dir='ltr'><strong><em>πάντας-</em></strong></span> <span class='ocrx_word' id='word_1_171' title='bbox 625 1522 866 1556; x_wconf 79' lang='grc' dir='ltr'><strong><em>ἐκέκαστο.</em></strong></span> 
     </span>
     <span class='ocr_line' id='line_1_29' title="bbox 62 1566 864 1620; baseline 0.001 -20"><span class='ocrx_word' id='word_1_172' title='bbox 62 1567 94 1600; x_wconf 82' lang='lat' dir='ltr'><strong><em>h.</em></strong></span> <span class='ocrx_word' id='word_1_173' title='bbox 120 1580 150 1601; x_wconf 86' lang='lat' dir='ltr'><strong><em>e.</em></strong></span> <span class='ocrx_word' id='word_1_174' title='bbox 185 1575 225 1602; x_wconf 71' lang='grc' dir='ltr'><strong><em>ἐν</em></strong></span> <span class='ocrx_word' id='word_1_175' title='bbox 246 1570 359 1602; x_wconf 77' lang='grc' dir='ltr'><strong><em>πᾶσιν</em></strong></span> <span class='ocrx_word' id='word_1_176' title='bbox 382 1566 611 1609; x_wconf 75' lang='grc' dir='ltr'><strong><em>ἀνθρώποις.</em></strong></span> <span class='ocrx_word' id='word_1_177' title='bbox 659 1568 786 1620; x_wconf 61' lang='grc' dir='ltr'><strong><em>Οᾱμε.</em></strong></span> <span class='ocrx_word' id='word_1_178' title='bbox 811 1566 864 1607; x_wconf 82' lang='grc' dir='ltr'><strong><em>ω’,</em></strong></span> 
     </span>
     <span class='ocr_line' id='line_1_30' title="bbox 60 1610 865 1671; baseline -0.001 -23"><span class='ocrx_word' id='word_1_179' title='bbox 60 1615 158 1649; x_wconf 83' lang='lat'>508.=</span> <span class='ocrx_word' id='word_1_180' title='bbox 193 1612 230 1649; x_wconf 84' lang='grc' dir='ltr'><strong><em>οἳ</em></strong></span> <span class='ocrx_word' id='word_1_181' title='bbox 252 1614 294 1649; x_wconf 83' lang='grc' dir='ltr'><strong><em>τὸ</em></strong></span> <span class='ocrx_word' id='word_1_182' title='bbox 318 1611 437 1658; x_wconf 80' lang='grc' dir='ltr'><strong><em>πάρος</em></strong></span> <span class='ocrx_word' id='word_1_183' title='bbox 457 1627 525 1657; x_wconf 77' lang='grc' dir='ltr'><strong><em>περ</em></strong></span> <span class='ocrx_word' id='word_1_184' title='bbox 536 1610 647 1671; x_wconf 81' lang='grc' dir='ltr'><strong><em>Ἀλκῇ</em></strong></span> <span class='ocrx_word' id='word_1_185' title='bbox 659 1627 708 1655; x_wconf 92' lang='grc' dir='ltr'><strong><em>τ,</em></strong></span> <span class='ocrx_word' id='word_1_186' title='bbox 731 1614 865 1659; x_wconf 78' lang='grc' dir='ltr'><strong><em>ηνορέῃ</em></strong></span> 
     </span>
     <span class='ocr_line' id='line_1_31' title="bbox 58 1659 865 1706; baseline 0.001 -13"><span class='ocrx_word' id='word_1_187' title='bbox 58 1672 116 1699; x_wconf 84' lang='grc' dir='ltr'><strong><em>τε,</em></strong></span> <span class='ocrx_word' id='word_1_188' title='bbox 137 1660 271 1705; x_wconf 81' lang='grc' dir='ltr'><strong><em>κεκάσμ</em></strong></span> <span class='ocrx_word' id='word_1_189' title='bbox 273 1663 345 1695; x_wconf 63' lang='lat' dir='ltr'><strong><em>zoa</em></strong></span> <span class='ocrx_word' id='word_1_190' title='bbox 368 1662 494 1695; x_wconf 81' lang='grc' dir='ltr'><strong><em>πᾶσαν</em></strong></span> <span class='ocrx_word' id='word_1_191' title='bbox 517 1659 579 1696; x_wconf 80' lang='grc' dir='ltr'><strong><em>ἐπ’</em></strong></span> <span class='ocrx_word' id='word_1_192' title='bbox 604 1674 703 1695; x_wconf 88' lang='grc' dir='ltr'><strong><em>αιαν.</em></strong></span> <span class='ocrx_word' id='word_1_193' title='bbox 746 1662 793 1694; x_wconf 84' lang='lat' dir='ltr'><strong><em>cf.</em></strong></span> <span class='ocrx_word' id='word_1_194' title='bbox 817 1661 865 1706; x_wconf 82' lang='grc' dir='ltr'><strong><em>β’,</em></strong></span> 
     </span>
     <span class='ocr_line' id='line_1_32' title="bbox 59 1674 864 1752; baseline 0 -12"><span class='ocrx_word' id='word_1_195' title='bbox 59 1707 147 1747; x_wconf 87' lang='grc'><strong><em>530,</em></strong></span> <span class='ocrx_word' id='word_1_196' title='bbox 180 1704 226 1748; x_wconf 87' lang='lat'><strong>6,</strong></span> <span class='ocrx_word' id='word_1_197' title='bbox 244 1674 344 1749; x_wconf 53' lang='lat'><strong>⁹339,</strong></span> <span class='ocrx_word' id='word_1_198' title='bbox 384 1709 462 1752; x_wconf 76' lang='lat' dir='ltr'><strong><em>Ody</em></strong></span> <span class='ocrx_word' id='word_1_199' title='bbox 467 1719 514 1741; x_wconf 80' lang='lat' dir='ltr'><strong><em>ss.</em></strong></span> <span class='ocrx_word' id='word_1_200' title='bbox 548 1705 593 1747; x_wconf 87' lang='grc' dir='ltr'><strong><em>δ’,</em></strong></span> <span class='ocrx_word' id='word_1_201' title='bbox 623 1709 691 1741; x_wconf 76' lang='grc'><strong><em>725</em></strong></span> <span class='ocrx_word' id='word_1_202' title='bbox 719 1712 787 1740; x_wconf 80' lang='lat' dir='ltr'><strong><em>etc.</em></strong></span> <span class='ocrx_word' id='word_1_203' title='bbox 820 1726 864 1731; x_wconf 97' lang='lat'><strong>—</strong></span> 
     </span>
     <span class='ocr_line' id='line_1_33' title="bbox 58 1752 860 1809; baseline 0.001 -25"><span class='ocrx_word' id='word_1_204' title='bbox 58 1752 161 1787; x_wconf 79' lang='lat' dir='ltr'>sch..</span> <span class='ocrx_word' id='word_1_205' title='bbox 194 1752 322 1809; x_wconf 69' lang='grc' dir='ltr'><strong><em>γονή.</em></strong></span> <span class='ocrx_word' id='word_1_206' title='bbox 362 1720 704 1797; x_wconf 72' lang='lat' dir='ltr'><strong><em>(o‹1yss.6&#39;‚755.)</em></strong></span> <span class='ocrx_word' id='word_1_207' title='bbox 735 1752 860 1798; x_wconf 80' lang='grc' dir='ltr'><strong><em>γέννη-</em></strong></span> 
     </span>
     <span class='ocr_line' id='line_1_34' title="bbox 59 1797 864 1842; baseline 0 -10"><span class='ocrx_word' id='word_1_208' title='bbox 59 1808 126 1839; x_wconf 85' lang='grc' dir='ltr'><strong><em>σις.</em></strong></span> <span class='ocrx_word' id='word_1_209' title='bbox 172 1797 450 1842; x_wconf 81' lang='grc' dir='ltr'><strong><em>κρειόντων.</em></strong></span> <span class='ocrx_word' id='word_1_210' title='bbox 491 1801 705 1841; x_wconf 80' lang='grc' dir='ltr'><strong><em>κρατίστων.</em></strong></span> <span class='ocrx_word' id='word_1_211' title='bbox 751 1799 864 1841; x_wconf 77' lang='lat' dir='ltr'>(imoz</span> 
     </span>
     <span class='ocr_line' id='line_1_35' title="bbox 57 1845 864 1890; baseline 0 -11"><span class='ocrx_word' id='word_1_212' title='bbox 57 1845 309 1886; x_wconf 75' lang='grc' dir='ltr'><strong><em>κρατούντων.</em></strong></span> <span class='ocrx_word' id='word_1_213' title='bbox 343 1852 435 1878; x_wconf 86' lang='lat' dir='ltr'>recte</span> <span class='ocrx_word' id='word_1_214' title='bbox 451 1845 642 1890; x_wconf 64' lang='lat' dir='ltr'>interpres</span> <span class='ocrx_word' id='word_1_215' title='bbox 668 1845 795 1879; x_wconf 77' lang='lat' dir='ltr'><strong><em>soboles</em></strong></span> <span class='ocrx_word' id='word_1_216' title='bbox 812 1857 864 1879; x_wconf 84' lang='lat' dir='ltr'><strong><em>rc-</em></strong></span> 
     </span>
     <span class='ocr_line' id='line_1_36' title="bbox 57 1892 862 1935; baseline 0.003 -11"><span class='ocrx_word' id='word_1_217' title='bbox 57 1901 128 1935; x_wconf 77' lang='lat' dir='ltr'>gno</span> <span class='ocrx_word' id='word_1_218' title='bbox 151 1898 381 1934; x_wconf 76' lang='lat' dir='ltr'><strong><em>successura.)</em></strong></span> <span class='ocrx_word' id='word_1_219' title='bbox 430 1905 454 1926; x_wconf 81' lang='grc' dir='ltr'><strong><em>π</em></strong></span> <span class='ocrx_word' id='word_1_220' title='bbox 471 1904 561 1926; x_wconf 87' lang='grc' dir='ltr'><strong><em>ανα</em></strong></span> <span class='ocrx_word' id='word_1_221' title='bbox 574 1892 601 1926; x_wconf 72' lang='lat' dir='ltr'>ni</span> <span class='ocrx_word' id='word_1_222' title='bbox 616 1905 636 1935; x_wconf 90' lang='grc' dir='ltr'><strong><em>ρ</em></strong></span> <span class='ocrx_word' id='word_1_223' title='bbox 649 1905 662 1926; x_wconf 93' lang='grc' dir='ltr'><strong><em>ι</em></strong></span> <span class='ocrx_word' id='word_1_224' title='bbox 675 1905 694 1927; x_wconf 93' lang='grc' dir='ltr'><strong><em>ο</em></strong></span> <span class='ocrx_word' id='word_1_225' title='bbox 707 1904 738 1926; x_wconf 88' lang='grc' dir='ltr'><strong><em>ν.</em></strong></span> <span class='ocrx_word' id='word_1_226' title='bbox 769 1905 862 1926; x_wconf 80' lang='grc' dir='ltr'><strong><em>παν-</em></strong></span> 
     </span>
     <span class='ocr_line' id='line_1_37' title="bbox 56 1935 863 1982; baseline 0.001 -11"><span class='ocrx_word' id='word_1_227' title='bbox 56 1936 167 1978; x_wconf 80' lang='grc' dir='ltr'><strong><em>τελῶς</em></strong></span> <span class='ocrx_word' id='word_1_228' title='bbox 197 1936 324 1982; x_wconf 84' lang='grc' dir='ltr'><strong><em>α”ωρον</em></strong></span> <span class='ocrx_word' id='word_1_229' title='bbox 355 1935 688 1980; x_wconf 76' lang='grc' dir='ltr'><strong><em>ἀποθανούμενον,</em></strong></span> <span class='ocrx_word' id='word_1_230' title='bbox 721 1951 754 1974; x_wconf 88' lang='grc' dir='ltr'><strong><em>κ.</em></strong></span> <span class='ocrx_word' id='word_1_231' title='bbox 778 1938 863 1972; x_wconf 80' lang='grc' dir='ltr'><strong><em>νέον</em></strong></span> 
     </span>
     <span class='ocr_line' id='line_1_38' title="bbox 55 1984 864 2028; baseline 0.001 -10"><span class='ocrx_word' id='word_1_232' title='bbox 55 1986 191 2028; x_wconf 86' lang='grc' dir='ltr'><strong><em>κομιδῆ</em></strong></span> <span class='ocrx_word' id='word_1_233' title='bbox 211 1985 407 2028; x_wconf 73' lang='grc' dir='ltr'><strong><em>δύσμορον.</em></strong></span> <span class='ocrx_word' id='word_1_234' title='bbox 441 1984 763 2028; x_wconf 78' lang='grc' dir='ltr'><strong><em>(γηράσκοντα</em></strong></span> <span class='ocrx_word' id='word_1_235' title='bbox 785 1997 864 2019; x_wconf 90' lang='grc' dir='ltr'><strong><em>κο-</em></strong></span> 
     </span>
     <span class='ocr_line' id='line_1_39' title="bbox 55 2031 861 2074; baseline 0 -9"><span class='ocrx_word' id='word_1_236' title='bbox 55 2032 183 2073; x_wconf 72' lang='grc' dir='ltr'><strong><em>μίζω.</em></strong></span> <span class='ocrx_word' id='word_1_237' title='bbox 219 2031 253 2064; x_wconf 87' lang='lat' dir='ltr'>id</span> <span class='ocrx_word' id='word_1_238' title='bbox 287 2042 354 2064; x_wconf 87' lang='lat' dir='ltr'>una</span> <span class='ocrx_word' id='word_1_239' title='bbox 383 2041 466 2064; x_wconf 74' lang='lat' dir='ltr'>voce</span> <span class='ocrx_word' id='word_1_240' title='bbox 498 2031 625 2065; x_wconf 85' lang='lat' dir='ltr'>dicitur</span> <span class='ocrx_word' id='word_1_241' title='bbox 653 2031 861 2074; x_wconf 77' lang='grc' dir='ltr'><strong><em>γηροκομῶ,</em></strong></span> 
     </span>
     <span class='ocr_line' id='line_1_40' title="bbox 56 2076 860 2112; baseline 0 -2"><span class='ocrx_word' id='word_1_242' title='bbox 56 2082 95 2110; x_wconf 84' lang='lat' dir='ltr'><strong><em>ut</em></strong></span> <span class='ocrx_word' id='word_1_243' title='bbox 124 2077 152 2110; x_wconf 90' lang='lat' dir='ltr'>B</span> <span class='ocrx_word' id='word_1_244' title='bbox 193 2083 228 2110; x_wconf 85' lang='lat' dir='ltr'><strong><em>et</em></strong></span> <span class='ocrx_word' id='word_1_245' title='bbox 266 2076 379 2110; x_wconf 79' lang='lat' dir='ltr'>Schol.</span> <span class='ocrx_word' id='word_1_246' title='bbox 417 2076 504 2111; x_wconf 82' lang='lat' dir='ltr'>vict.</span> <span class='ocrx_word' id='word_1_247' title='bbox 537 2084 713 2112; x_wconf 79' lang='lat' dir='ltr'>notarunt.</span> <span class='ocrx_word' id='word_1_248' title='bbox 759 2077 860 2110; x_wconf 82' lang='lat' dir='ltr'><strong>sch:</strong></span> 
     </span>
     <span class='ocr_line' id='line_1_41' title="bbox 54 2117 860 2166; baseline 0.003 -10"><span class='ocrx_word' id='word_1_249' title='bbox 54 2125 244 2166; x_wconf 72' lang='grc' dir='ltr'><strong><em>κομίζω.</em></strong></span> <span class='ocrx_word' id='word_1_250' title='bbox 279 2121 482 2165; x_wconf 75' lang='grc' dir='ltr'><strong><em>ἐπιμελείας</em></strong></span> <span class='ocrx_word' id='word_1_251' title='bbox 516 2121 619 2165; x_wconf 75' lang='grc' dir='ltr'><strong><em>ἀξιῶ.</em></strong></span> <span class='ocrx_word' id='word_1_252' title='bbox 654 2142 700 2148; x_wconf 89' lang='lat'>—</span> <span class='ocrx_word' id='word_1_253' title='bbox 733 2117 860 2166; x_wconf 82' lang='grc' dir='ltr'><strong><em>ἧμαι,</em></strong></span> 
     </span>
     <span class='ocr_line' id='line_1_42' title="bbox 54 2167 856 2226; baseline 0.004 -24"><span class='ocrx_word' id='word_1_254' title='bbox 54 2170 174 2209; x_wconf 76' lang='lat' dir='ltr'><strong><em>sedeo,</em></strong></span> <span class='ocrx_word' id='word_1_255' title='bbox 205 2169 368 2203; x_wconf 87' lang='lat' dir='ltr'>retineor.</span> <span class='ocrx_word' id='word_1_256' title='bbox 404 2167 450 2207; x_wconf 87' lang='grc' dir='ltr'><strong><em>α’,</em></strong></span> <span class='ocrx_word' id='word_1_257' title='bbox 477 2170 542 2205; x_wconf 76' lang='lat'><strong><em>134</em></strong></span> <span class='ocrx_word' id='word_1_258' title='bbox 562 2170 647 2212; x_wconf 80' lang='lat' dir='ltr'><strong><em>etr..)</em></strong></span> <span class='ocrx_word' id='word_1_259' title='bbox 688 2171 856 2226; x_wconf 80' lang='grc' dir='ltr'><strong><em>κήδων.</em></strong></span> 
     </span>
     <span class='ocr_line' id='line_1_43' title="bbox 54 2213 862 2258; baseline 0.002 -10"><span class='ocrx_word' id='word_1_260' title='bbox 54 2213 111 2257; x_wconf 90' lang='grc' dir='ltr'><strong><em>(ι’,</em></strong></span> <span class='ocrx_word' id='word_1_261' title='bbox 135 2217 203 2252; x_wconf 72' lang='lat'><strong>615</strong></span> <span class='ocrx_word' id='word_1_262' title='bbox 227 2215 321 2258; x_wconf 80' lang='lat' dir='ltr'>etc.)</span> <span class='ocrx_word' id='word_1_263' title='bbox 355 2215 495 2249; x_wconf 73' lang='grc' dir='ltr'><strong><em>λυπῶν.</em></strong></span> <span class='ocrx_word' id='word_1_264' title='bbox 526 2234 572 2240; x_wconf 92' lang='grc'>-</span> <span class='ocrx_word' id='word_1_265' title='bbox 611 2214 692 2250; x_wconf 83' lang='grc' dir='ltr'><strong><em>καὶ</em></strong></span> <span class='ocrx_word' id='word_1_266' title='bbox 724 2213 792 2257; x_wconf 78' lang='grc' dir='ltr'><strong><em>σὲ,</em></strong></span> <span class='ocrx_word' id='word_1_267' title='bbox 828 2221 862 2250; x_wconf 77' lang='lat' dir='ltr'><strong><em>te</em></strong></span> 
     </span>
     <span class='ocr_line' id='line_1_44' title="bbox 52 2259 861 2305; baseline 0.001 -11"><span class='ocrx_word' id='word_1_268' title='bbox 52 2273 193 2305; x_wconf 71' lang='lat' dir='ltr'><strong><em>quoque.</em></strong></span> <span class='ocrx_word' id='word_1_269' title='bbox 219 2279 259 2285; x_wconf 91' lang='lat'><strong><em>-—</em></strong></span> <span class='ocrx_word' id='word_1_270' title='bbox 295 2259 437 2304; x_wconf 84' lang='grc' dir='ltr'><strong><em>εἶναι,</em></strong></span> <span class='ocrx_word' id='word_1_271' title='bbox 455 2262 579 2304; x_wconf 75' lang='lat' dir='ltr'>juisse.</span> <span class='ocrx_word' id='word_1_272' title='bbox 618 2273 651 2297; x_wconf 88' lang='lat' dir='ltr'><strong><em>v.</em></strong></span> <span class='ocrx_word' id='word_1_273' title='bbox 676 2261 804 2296; x_wconf 76' lang='lat' dir='ltr'><strong><em>matth.</em></strong></span> <span class='ocrx_word' id='word_1_274' title='bbox 827 2265 861 2305; x_wconf 86' lang='lat'><strong><em>§.</em></strong></span> 
     </span>
     <span class='ocr_line' id='line_1_45' title="bbox 51 2303 861 2353; baseline 0.001 -12"><span class='ocrx_word' id='word_1_275' title='bbox 51 2306 133 2343; x_wconf 68' lang='grc' dir='ltr'><strong><em>Ι199.</em></strong></span> <span class='ocrx_word' id='word_1_276' title='bbox 155 2326 200 2332; x_wconf 90' lang='grc'>-</span> <span class='ocrx_word' id='word_1_277' title='bbox 224 2303 363 2342; x_wconf 81' lang='grc' dir='ltr'><strong><em>ὅσσον</em></strong></span> <span class='ocrx_word' id='word_1_278' title='bbox 386 2307 564 2353; x_wconf 81' lang='grc' dir='ltr'><strong><em>Λέσβος</em></strong></span> <span class='ocrx_word' id='word_1_279' title='bbox 585 2305 682 2342; x_wconf 78' lang='grc' dir='ltr'><strong><em>ἄνω</em></strong></span> <span class='ocrx_word' id='word_1_280' title='bbox 706 2313 774 2342; x_wconf 83' lang='lat' dir='ltr'><strong><em>etc.</em></strong></span> <span class='ocrx_word' id='word_1_281' title='bbox 804 2320 861 2342; x_wconf 83' lang='lat' dir='ltr'><strong><em>re-</em></strong></span> 
     </span>
     <span class='ocr_line' id='line_1_46' title="bbox 51 2352 859 2400; baseline 0.002 -14"><span class='ocrx_word' id='word_1_282' title='bbox 51 2364 153 2396; x_wconf 80' lang='lat' dir='ltr'>gnum</span> <span class='ocrx_word' id='word_1_283' title='bbox 178 2352 305 2386; x_wconf 78' lang='lat' dir='ltr'>Priami</span> <span class='ocrx_word' id='word_1_284' title='bbox 321 2353 495 2397; x_wconf 77' lang='lat' dir='ltr'>significat</span> <span class='ocrx_word' id='word_1_285' title='bbox 519 2354 675 2398; x_wconf 79' lang='lat' dir='ltr'>partibus</span> <span class='ocrx_word' id='word_1_286' title='bbox 700 2353 859 2400; x_wconf 78' lang='lat' dir='ltr'>utrinque</span> 
     </span>
     <span class='ocr_line' id='line_1_47' title="bbox 52 2398 859 2440; baseline 0.002 -8"><span class='ocrx_word' id='word_1_287' title='bbox 52 2398 235 2440; x_wconf 74' lang='lat' dir='ltr'>extremis,</span> <span class='ocrx_word' id='word_1_288' title='bbox 260 2399 373 2433; x_wconf 80' lang='lat' dir='ltr'>Lesbo</span> <span class='ocrx_word' id='word_1_289' title='bbox 396 2400 509 2433; x_wconf 79' lang='lat' dir='ltr'>insula</span> <span class='ocrx_word' id='word_1_290' title='bbox 532 2400 576 2433; x_wconf 78' lang='lat' dir='ltr'><strong><em>ad</em></strong></span> <span class='ocrx_word' id='word_1_291' title='bbox 599 2399 792 2439; x_wconf 84' lang='lat' dir='ltr'>meridiem,</span> <span class='ocrx_word' id='word_1_292' title='bbox 821 2404 859 2434; x_wconf 87' lang='lat' dir='ltr'><strong><em>et</em></strong></span> 
     </span>
     <span class='ocr_line' id='line_1_48' title="bbox 52 2444 857 2501; baseline 0.001 -23"><span class='ocrx_word' id='word_1_293' title='bbox 52 2444 207 2490; x_wconf 77' lang='lat' dir='ltr'>Phrygia</span> <span class='ocrx_word' id='word_1_294' title='bbox 234 2452 339 2489; x_wconf 77' lang='lat' dir='ltr'>atque</span> <span class='ocrx_word' id='word_1_295' title='bbox 361 2445 584 2501; x_wconf 77' lang='lat' dir='ltr'>Hellesponto</span> <span class='ocrx_word' id='word_1_296' title='bbox 614 2445 658 2479; x_wconf 78' lang='lat' dir='ltr'><strong><em>ad</em></strong></span> <span class='ocrx_word' id='word_1_297' title='bbox 691 2446 857 2479; x_wconf 79' lang='lat' dir='ltr'>orientem</span> 
     </span>
     <span class='ocr_line' id='line_1_49' title="bbox 51 2491 854 2546; baseline 0.004 -23"><span class='ocrx_word' id='word_1_298' title='bbox 51 2497 89 2523; x_wconf 81' lang='lat' dir='ltr'><strong><em>et</em></strong></span> <span class='ocrx_word' id='word_1_299' title='bbox 118 2491 395 2535; x_wconf 71' lang='lat' dir='ltr'>septentrionem.</span> <span class='ocrx_word' id='word_1_300' title='bbox 452 2505 569 2532; x_wconf 86' lang='grc' dir='ltr'><strong><em>ανω,</em></strong></span> <span class='ocrx_word' id='word_1_301' title='bbox 584 2491 854 2546; x_wconf 43' lang='grc' dir='ltr'><strong><em>..καθυπερ-</em></strong></span> 
     </span>
     <span class='ocr_line' id='line_1_50' title="bbox 49 2536 855 2591; baseline 0.002 -21"><span class='ocrx_word' id='word_1_302' title='bbox 49 2538 128 2577; x_wconf 63' lang='lat' dir='ltr'><strong><em>os,</em></strong></span> <span class='ocrx_word' id='word_1_303' title='bbox 151 2548 281 2580; x_wconf 74' lang='lat' dir='ltr'><strong><em>supra,</em></strong></span> <span class='ocrx_word' id='word_1_304' title='bbox 303 2537 396 2571; x_wconf 79' lang='lat' dir='ltr'>ultra</span> <span class='ocrx_word' id='word_1_305' title='bbox 419 2537 504 2571; x_wconf 78' lang='lat' dir='ltr'>alias</span> <span class='ocrx_word' id='word_1_306' title='bbox 521 2536 679 2591; x_wconf 82' lang='lat' dir='ltr'>regiones</span> <span class='ocrx_word' id='word_1_307' title='bbox 695 2538 855 2572; x_wconf 85' lang='lat' dir='ltr'>interme·</span> 
     </span>
     <span class='ocr_line' id='line_1_51' title="bbox 48 2582 856 2628; baseline 0.001 -12"><span class='ocrx_word' id='word_1_308' title='bbox 48 2582 138 2618; x_wconf 73' lang='lat' dir='ltr'>dius</span> <span class='ocrx_word' id='word_1_309' title='bbox 171 2594 240 2617; x_wconf 86' lang='lat' dir='ltr'><strong><em>non</em></strong></span> <span class='ocrx_word' id='word_1_310' title='bbox 263 2593 307 2618; x_wconf 75' lang='grc' dir='ltr'><strong><em>ει</em></strong></span> <span class='ocrx_word' id='word_1_311' title='bbox 330 2582 514 2618; x_wconf 71' lang='lat' dir='ltr'>abundanti</span> <span class='ocrx_word' id='word_1_312' title='bbox 534 2582 615 2617; x_wconf 88' lang='lat' dir='ltr'>addi</span> <span class='ocrx_word' id='word_1_313' title='bbox 637 2583 746 2617; x_wconf 82' lang='lat' dir='ltr'>solent</span> <span class='ocrx_word' id='word_1_314' title='bbox 763 2584 856 2628; x_wconf 83' lang='lat' dir='ltr'>ejus-</span> 
     </span>
     <span class='ocr_line' id='line_1_52' title="bbox 49 2627 855 2671; baseline 0 -9"><span class='ocrx_word' id='word_1_315' title='bbox 49 2628 141 2663; x_wconf 72' lang='lat' dir='ltr'>modi</span> <span class='ocrx_word' id='word_1_316' title='bbox 156 2627 355 2670; x_wconf 75' lang='lat' dir='ltr'>adverbia,</span> <span class='ocrx_word' id='word_1_317' title='bbox 388 2636 427 2662; x_wconf 87' lang='lat' dir='ltr'><strong><em>ut</em></strong></span> <span class='ocrx_word' id='word_1_318' title='bbox 457 2630 565 2662; x_wconf 84' lang='lat' dir='ltr'>visum</span> <span class='ocrx_word' id='word_1_319' title='bbox 592 2637 646 2664; x_wconf 83' lang='lat' dir='ltr'><strong><em>est</em></strong></span> <span class='ocrx_word' id='word_1_320' title='bbox 674 2629 855 2671; x_wconf 81' lang='lat' dir='ltr'>nonnullis,</span> 
     </span>
     <span class='ocr_line' id='line_1_53' title="bbox 47 2665 854 2712; baseline -0.001 -4"><span class='ocrx_word' id='word_1_321' title='bbox 47 2665 110 2708; x_wconf 71' lang='lat' dir='ltr'>seii</span> <span class='ocrx_word' id='word_1_322' title='bbox 131 2674 265 2712; x_wconf 70' lang='lat' dir='ltr'>faciunt</span> <span class='ocrx_word' id='word_1_323' title='bbox 288 2674 332 2708; x_wconf 80' lang='lat' dir='ltr'><strong><em>ad</em></strong></span> <span class='ocrx_word' id='word_1_324' title='bbox 365 2675 599 2709; x_wconf 79' lang='lat' dir='ltr'>declarandam</span> <span class='ocrx_word' id='word_1_325' title='bbox 625 2680 660 2709; x_wconf 85' lang='lat' dir='ltr'><strong><em>et</em></strong></span> <span class='ocrx_word' id='word_1_326' title='bbox 692 2675 786 2709; x_wconf 85' lang='lat' dir='ltr'>velut</span> <span class='ocrx_word' id='word_1_327' title='bbox 809 2676 854 2709; x_wconf 89' lang='lat' dir='ltr'><strong><em>ob</em></strong></span> 
     </span>
     <span class='ocr_line' id='line_1_54' title="bbox 47 2719 853 2776; baseline 0 -22"><span class='ocrx_word' id='word_1_328' title='bbox 47 2719 163 2754; x_wconf 79' lang='lat' dir='ltr'>oculos</span> <span class='ocrx_word' id='word_1_329' title='bbox 189 2721 375 2776; x_wconf 84' lang='lat' dir='ltr'>ponendam</span> <span class='ocrx_word' id='word_1_330' title='bbox 395 2732 488 2762; x_wconf 82' lang='lat' dir='ltr'>rem,</span> <span class='ocrx_word' id='word_1_331' title='bbox 513 2732 600 2766; x_wconf 84' lang='lat' dir='ltr'>quae</span> <span class='ocrx_word' id='word_1_332' title='bbox 624 2721 763 2754; x_wconf 81' lang='lat' dir='ltr'>dicitur.</span> <span class='ocrx_word' id='word_1_333' title='bbox 810 2722 853 2754; x_wconf 87' lang='lat' dir='ltr'><strong><em>de</em></strong></span> 
     </span>
     <span class='ocr_line' id='line_1_55' title="bbox 51 2764 855 2811; baseline 0.004 -13"><span class='ocrx_word' id='word_1_334' title='bbox 51 2765 210 2800; x_wconf 66' lang='lat' dir='ltr'><strong><em>Lab-nv.</em></strong></span> <span class='ocrx_word' id='word_1_335' title='bbox 237 2764 276 2808; x_wconf 87' lang='grc' dir='ltr'><strong><em>ι’,</em></strong></span> <span class='ocrx_word' id='word_1_336' title='bbox 297 2769 387 2808; x_wconf 81' lang='lat'><strong>664,</strong></span> <span class='ocrx_word' id='word_1_337' title='bbox 411 2766 467 2799; x_wconf 87' lang='lat' dir='ltr'><strong><em>Od</em></strong></span> <span class='ocrx_word' id='word_1_338' title='bbox 471 2777 540 2810; x_wconf 57' lang='lat' dir='ltr'><strong><em>yffi</em></strong></span> <span class='ocrx_word' id='word_1_339' title='bbox 563 2764 608 2808; x_wconf 78' lang='grc' dir='ltr'><strong><em>δ’,</em></strong></span> <span class='ocrx_word' id='word_1_340' title='bbox 631 2767 710 2801; x_wconf 81' lang='lat'>342.</span> <span class='ocrx_word' id='word_1_341' title='bbox 736 2770 771 2800; x_wconf 81' lang='lat' dir='ltr'><strong><em>et</em></strong></span> <span class='ocrx_word' id='word_1_342' title='bbox 792 2777 855 2811; x_wconf 83' lang='lat' dir='ltr'><strong><em>ge-</em></strong></span> 
     </span>
     <span class='ocr_line' id='line_1_56' title="bbox 46 2809 853 2865; baseline 0.001 -20"><span class='ocrx_word' id='word_1_343' title='bbox 46 2811 193 2846; x_wconf 72' lang='lat' dir='ltr'>nei-anm</span> <span class='ocrx_word' id='word_1_344' title='bbox 226 2811 289 2846; x_wconf 77' lang='lat' dir='ltr'><strong><em>de</em></strong></span> <span class='ocrx_word' id='word_1_345' title='bbox 302 2812 432 2847; x_wconf 73' lang='lat' dir='ltr'>ditione</span> <span class='ocrx_word' id='word_1_346' title='bbox 463 2812 590 2846; x_wconf 80' lang='lat' dir='ltr'>Priami</span> <span class='ocrx_word' id='word_1_347' title='bbox 624 2824 700 2846; x_wconf 79' lang='lat' dir='ltr'>ann.</span> <span class='ocrx_word' id='word_1_348' title='bbox 731 2813 775 2846; x_wconf 85' lang='lat' dir='ltr'><strong><em>ad</em></strong></span> <span class='ocrx_word' id='word_1_349' title='bbox 805 2809 853 2865; x_wconf 81' lang='grc' dir='ltr'><strong><em>β’,</em></strong></span> 
     </span>
     <span class='ocr_line' id='line_1_57' title="bbox 49 2856 851 2916; baseline 0.001 -24"><span class='ocrx_word' id='word_1_350' title='bbox 49 2858 130 2892; x_wconf 80' lang='grc'><strong><em>816.</em></strong></span> <span class='ocrx_word' id='word_1_351' title='bbox 156 2857 258 2894; x_wconf 68' lang='lat' dir='ltr'>Seli-e</span> <span class='ocrx_word' id='word_1_352' title='bbox 281 2857 555 2916; x_wconf 81' lang='grc' dir='ltr'><strong><em>Λέσβος-ε</em></strong></span> <span class='ocrx_word' id='word_1_353' title='bbox 542 2857 658 2897; x_wconf 67' lang='grc' dir='ltr'><strong><em>’Ὂος-</em></strong></span> <span class='ocrx_word' id='word_1_354' title='bbox 684 2856 851 2893; x_wconf 64' lang='lat' dir='ltr'><strong><em>multon?</em></strong></span> 
     </span>
     <span class='ocr_line' id='line_1_58' title="bbox 48 2902 852 2985; baseline 0.002 -48"><span class='ocrx_word' id='word_1_355' title='bbox 48 2903 275 2985; x_wconf 49' lang='grc' dir='ltr'><strong><em>οἰκητήριον.</em></strong></span> <span class='ocrx_word' id='word_1_356' title='bbox 297 2903 411 2939; x_wconf 77' lang='grc' dir='ltr'><strong><em>ἔκτισε</em></strong></span> <span class='ocrx_word' id='word_1_357' title='bbox 423 2902 493 2950; x_wconf 68' lang='grc' dir='ltr'><strong><em>γὰρ</em></strong></span> <span class='ocrx_word' id='word_1_358' title='bbox 510 2904 577 2947; x_wconf 78' lang='grc' dir='ltr'><strong><em>τὴν</em></strong></span> <span class='ocrx_word' id='word_1_359' title='bbox 591 2904 732 2951; x_wconf 78' lang='grc' dir='ltr'><strong><em>Λέσβον</em></strong></span> <span class='ocrx_word' id='word_1_360' title='bbox 746 2904 823 2938; x_wconf 92' lang='grc' dir='ltr'><strong><em>Μ’</em></strong></span> <span class='ocrx_word' id='word_1_361' title='bbox 801 2919 824 2939; x_wconf 91' lang='grc' dir='ltr'><strong><em>α</em></strong></span> <span class='ocrx_word' id='word_1_362' title='bbox 835 2923 852 2930; x_wconf 91' lang='grc'>-</span> 
     </span>
     <span class='ocr_line' id='line_1_59' title="bbox 47 2948 848 2998; baseline 0.003 -14"><span class='ocrx_word' id='word_1_363' title='bbox 47 2960 132 2992; x_wconf 72' lang='grc' dir='ltr'><strong><em>κιρ</em></strong></span> <span class='ocrx_word' id='word_1_364' title='bbox 206 2948 414 2993; x_wconf 64' lang='grc' dir='ltr'><strong><em>Κρινάκου,</em></strong></span> <span class='ocrx_word' id='word_1_365' title='bbox 440 2951 506 2987; x_wconf 67' lang='grc' dir='ltr'><strong><em>καὶ</em></strong></span> <span class='ocrx_word' id='word_1_366' title='bbox 529 2952 758 2998; x_wconf 76' lang='grc' dir='ltr'><strong><em>ἐβασίλευσεν</em></strong></span> <span class='ocrx_word' id='word_1_367' title='bbox 781 2949 848 2986; x_wconf 74' lang='grc' dir='ltr'><strong><em>αὖ·</em></strong></span> 
     </span>
     <span class='ocr_line' id='line_1_60' title="bbox 45 2993 846 3042; baseline 0.005 -13"><span class='ocrx_word' id='word_1_368' title='bbox 45 2995 123 3039; x_wconf 72' lang='grc' dir='ltr'><strong><em>τῆς.</em></strong></span> <span class='ocrx_word' id='word_1_369' title='bbox 161 2996 345 3039; x_wconf 71' lang='lat' dir='ltr'>(similiter</span> <span class='ocrx_word' id='word_1_370' title='bbox 376 2997 555 3032; x_wconf 71' lang='grc' dir='ltr'><strong><em>8ο1101,Α.</em></strong></span> <span class='ocrx_word' id='word_1_371' title='bbox 594 2997 795 3042; x_wconf 75' lang='grc' dir='ltr'><strong><em>Μακαρεῦς</em></strong></span> <span class='ocrx_word' id='word_1_372' title='bbox 826 2993 846 3032; x_wconf 79' lang='grc' dir='ltr'><strong><em>ὖ</em></strong></span> 
     </span>
    </p>
   </div>
   <div class='ocr_carea' id='block_1_14' title="bbox 891 1377 1720 3043">
    <p class='ocr_par' dir='ltr' id='par_1_20' title="bbox 914 1377 1719 1473">
     <span class='ocr_line' id='line_1_61' title="bbox 914 1377 1719 1424; baseline -0.007 -7"><span class='ocrx_word' id='word_1_373' title='bbox 914 1379 1104 1424; x_wconf 80' lang='grc' dir='ltr'><strong><em>Κρινάκου</em></strong></span> <span class='ocrx_word' id='word_1_374' title='bbox 1128 1382 1196 1416; x_wconf 84' lang='grc' dir='ltr'><strong><em>τοῦ</em></strong></span> <span class='ocrx_word' id='word_1_375' title='bbox 1218 1381 1309 1421; x_wconf 81' lang='grc' dir='ltr'><strong><em>Διὸς</em></strong></span> <span class='ocrx_word' id='word_1_376' title='bbox 1342 1393 1383 1414; x_wconf 81' lang='lat' dir='ltr'><strong><em>ex</em></strong></span> <span class='ocrx_word' id='word_1_377' title='bbox 1409 1379 1560 1414; x_wconf 85' lang='lat' dir='ltr'>Hesiodo</span> <span class='ocrx_word' id='word_1_378' title='bbox 1586 1384 1620 1412; x_wconf 86' lang='lat' dir='ltr'><strong><em>et</em></strong></span> <span class='ocrx_word' id='word_1_379' title='bbox 1643 1377 1719 1412; x_wconf 81' lang='lat' dir='ltr'>aliis</span> 
     </span>
     <span class='ocr_line' id='line_1_62' title="bbox 915 1426 1718 1478; baseline -0.003 -17"><span class='ocrx_word' id='word_1_380' title='bbox 915 1427 1025 1473; x_wconf 65' lang='lat' dir='ltr'>poElis</span> <span class='ocrx_word' id='word_1_381' title='bbox 1050 1433 1251 1462; x_wconf 83' lang='lat' dir='ltr'>memoratur</span> <span class='ocrx_word' id='word_1_382' title='bbox 1282 1439 1338 1471; x_wconf 81' lang='lat' dir='ltr'><strong><em>ap.</em></strong></span> <span class='ocrx_word' id='word_1_383' title='bbox 1364 1427 1465 1461; x_wconf 88' lang='lat' dir='ltr'>Diod.</span> <span class='ocrx_word' id='word_1_384' title='bbox 1490 1426 1558 1459; x_wconf 82' lang='lat' dir='ltr'>Sic.</span> <span class='ocrx_word' id='word_1_385' title='bbox 1585 1427 1626 1467; x_wconf 92' lang='lat'>5,</span> <span class='ocrx_word' id='word_1_386' title='bbox 1650 1427 1718 1478; x_wconf 88' lang='grc'><strong><em>81.</em></strong></span> 
     </span>
    </p>

    <p class='ocr_par' dir='ltr' id='par_1_21' title="bbox 912 1470 1719 1530">
     <span class='ocr_line' id='line_1_63' title="bbox 912 1470 1719 1530; baseline -0.003 -23"><span class='ocrx_word' id='word_1_387' title='bbox 912 1475 1096 1508; x_wconf 77' lang='grc' dir='ltr'><strong><em>κατοικῶν</em></strong></span> <span class='ocrx_word' id='word_1_388' title='bbox 1120 1472 1161 1509; x_wconf 88' lang='grc' dir='ltr'><strong><em>δ’</em></strong></span> <span class='ocrx_word' id='word_1_389' title='bbox 1188 1473 1226 1508; x_wconf 82' lang='grc' dir='ltr'><strong><em>ἐν</em></strong></span> <span class='ocrx_word' id='word_1_390' title='bbox 1248 1473 1400 1530; x_wconf 65' lang='grc' dir='ltr'><strong><em>Ωλένῳ,</em></strong></span> <span class='ocrx_word' id='word_1_391' title='bbox 1425 1472 1551 1517; x_wconf 82' lang='lat' dir='ltr'>inquit,</span> <span class='ocrx_word' id='word_1_392' title='bbox 1576 1484 1642 1515; x_wconf 86' lang='grc' dir='ltr'><strong><em>της</em></strong></span> <span class='ocrx_word' id='word_1_393' title='bbox 1658 1470 1719 1506; x_wconf 85' lang='grc' dir='ltr'><strong><em>τό-</em></strong></span> 
     </span>
    </p>

    <p class='ocr_par' dir='ltr' id='par_1_22' title="bbox 903 1509 1720 2444">
     <span class='ocr_line' id='line_1_64' title="bbox 911 1509 1720 1564; baseline -0.003 -10"><span class='ocrx_word' id='word_1_394' title='bbox 911 1533 950 1555; x_wconf 89' lang='grc' dir='ltr'><strong><em>τε</em></strong></span> <span class='ocrx_word' id='word_1_395' title='bbox 974 1518 1110 1561; x_wconf 74' lang='grc' dir='ltr'><strong><em>Ἰάδος,</em></strong></span> <span class='ocrx_word' id='word_1_396' title='bbox 1142 1519 1212 1555; x_wconf 74' lang='grc' dir='ltr'><strong><em>νῦν</em></strong></span> <span class='ocrx_word' id='word_1_397' title='bbox 1241 1519 1282 1554; x_wconf 84' lang='grc' dir='ltr'><strong><em>δ’</em></strong></span> <span class='ocrx_word' id='word_1_398' title='bbox 1315 1509 1459 1564; x_wconf 81' lang='grc' dir='ltr'><strong><em>Αχαΐας</em></strong></span> <span class='ocrx_word' id='word_1_399' title='bbox 1482 1518 1720 1562; x_wconf 75' lang='grc' dir='ltr'><strong><em>καλουμένης.</em></strong></span> 
     </span>
     <span class='ocr_line' id='line_1_65' title="bbox 912 1563 1720 1609; baseline -0.002 -8"><span class='ocrx_word' id='word_1_400' title='bbox 912 1565 983 1609; x_wconf 79' lang='grc' dir='ltr'><strong><em>εἶχε</em></strong></span> <span class='ocrx_word' id='word_1_401' title='bbox 1007 1565 1046 1602; x_wconf 84' lang='grc' dir='ltr'><strong><em>δὲ</em></strong></span> <span class='ocrx_word' id='word_1_402' title='bbox 1071 1564 1186 1607; x_wconf 74' lang='grc' dir='ltr'><strong><em>λαούς</em></strong></span> <span class='ocrx_word' id='word_1_403' title='bbox 1218 1564 1508 1607; x_wconf 73' lang='grc' dir='ltr'><strong><em>ἠθροισμένους,</em></strong></span> <span class='ocrx_word' id='word_1_404' title='bbox 1540 1563 1630 1605; x_wconf 75' lang='grc' dir='ltr'><strong><em>τούς</em></strong></span> <span class='ocrx_word' id='word_1_405' title='bbox 1653 1564 1720 1608; x_wconf 78' lang='grc' dir='ltr'><strong><em>μὲν</em></strong></span> 
     </span>
     <span class='ocr_line' id='line_1_66' title="bbox 901 1610 1718 1656; baseline -0.001 -8.983"><span class='ocrx_word' id='word_1_406' title='bbox 901 1610 1052 1654; x_wconf 83' lang='grc' dir='ltr'><strong><em>Ἴωνας,</em></strong></span> <span class='ocrx_word' id='word_1_407' title='bbox 1085 1626 1173 1652; x_wconf 84' lang='grc' dir='ltr'><strong><em>τους</em></strong></span> <span class='ocrx_word' id='word_1_408' title='bbox 1194 1611 1239 1646; x_wconf 83' lang='grc' dir='ltr'><strong><em>δ’</em></strong></span> <span class='ocrx_word' id='word_1_409' title='bbox 1261 1611 1300 1656; x_wconf 76' lang='grc' dir='ltr'><strong><em>ἐξ</em></strong></span> <span class='ocrx_word' id='word_1_410' title='bbox 1322 1612 1443 1648; x_wconf 79' lang='grc' dir='ltr'><strong><em>ἄλλων</em></strong></span> <span class='ocrx_word' id='word_1_411' title='bbox 1475 1610 1598 1647; x_wconf 75' lang='grc' dir='ltr'><strong><em>ἐθνῶν</em></strong></span> <span class='ocrx_word' id='word_1_412' title='bbox 1621 1625 1718 1647; x_wconf 80' lang='grc' dir='ltr'><strong><em>παν-</em></strong></span> 
     </span>
     <span class='ocr_line' id='line_1_67' title="bbox 909 1657 1719 1703; baseline -0.001 -9"><span class='ocrx_word' id='word_1_413' title='bbox 909 1661 1087 1694; x_wconf 73' lang='grc' dir='ltr'><strong><em>τοδαπῶν</em></strong></span> <span class='ocrx_word' id='word_1_414' title='bbox 1120 1658 1422 1703; x_wconf 72' lang='grc' dir='ltr'><strong><em>συνεῤῥυηκότας.</em></strong></span> <span class='ocrx_word' id='word_1_415' title='bbox 1477 1658 1540 1694; x_wconf 75' lang='grc' dir='ltr'><strong><em>καὶ</em></strong></span> <span class='ocrx_word' id='word_1_416' title='bbox 1575 1657 1615 1694; x_wconf 79' lang='grc' dir='ltr'><strong><em>τὸ</em></strong></span> <span class='ocrx_word' id='word_1_417' title='bbox 1652 1657 1719 1703; x_wconf 71' lang='grc' dir='ltr'><strong><em>μὶν</em></strong></span> 
     </span>
     <span class='ocr_line' id='line_1_68' title="bbox 910 1704 1719 1808; baseline 0.002 -24"><span class='ocrx_word' id='word_1_418' title='bbox 910 1704 1349 1807; x_wconf 51' lang='grc' dir='ltr'><strong><em>ῗὲἀῖωνκαττᾘκηὲῗξοέε</em></strong></span> <span class='ocrx_word' id='word_1_419' title='bbox 1353 1704 1562 1787; x_wconf 55' lang='grc' dir='ltr'><strong><em>τ”ιὶατόαέκιτῗκεῦ</em></strong></span> <span class='ocrx_word' id='word_1_420' title='bbox 1561 1706 1626 1808; x_wconf 54' lang='lat' dir='ltr'><strong><em>tuf,</em></strong></span> <span class='ocrx_word' id='word_1_421' title='bbox 1633 1705 1719 1787; x_wconf 59' lang='grc' dir='ltr'><strong><em>ωδξιεῗ</em></strong></span> 
     </span>
     <span class='ocr_line' id='line_1_69' title="bbox 909 1796 1719 1843; baseline 0.002 -11"><span class='ocrx_word' id='word_1_422' title='bbox 909 1799 1049 1842; x_wconf 77' lang='grc' dir='ltr'><strong><em>μᾶλλον</em></strong></span> <span class='ocrx_word' id='word_1_423' title='bbox 1082 1799 1288 1842; x_wconf 75' lang='grc' dir='ltr'><strong><em>αὐξόμενος</em></strong></span> <span class='ocrx_word' id='word_1_424' title='bbox 1321 1797 1386 1834; x_wconf 78' lang='grc' dir='ltr'><strong><em>διά</em></strong></span> <span class='ocrx_word' id='word_1_425' title='bbox 1417 1811 1455 1834; x_wconf 84' lang='grc' dir='ltr'><strong><em>τε</em></strong></span> <span class='ocrx_word' id='word_1_426' title='bbox 1487 1812 1554 1843; x_wconf 80' lang='grc' dir='ltr'><strong><em>την</em></strong></span> <span class='ocrx_word' id='word_1_427' title='bbox 1586 1796 1719 1843; x_wconf 77' lang='grc' dir='ltr'><strong><em>αἱρετὴν</em></strong></span> 
     </span>
     <span class='ocr_line' id='line_1_70' title="bbox 909 1843 1718 1901; baseline 0.004 -23"><span class='ocrx_word' id='word_1_428' title='bbox 909 1845 975 1901; x_wconf 81' lang='grc' dir='ltr'><strong><em>τῆς</em></strong></span> <span class='ocrx_word' id='word_1_429' title='bbox 998 1843 1139 1888; x_wconf 86' lang='grc' dir='ltr'><strong><em>νήσου,</em></strong></span> <span class='ocrx_word' id='word_1_430' title='bbox 1169 1859 1200 1879; x_wconf 89' lang='grc' dir='ltr'><strong><em>κ.</em></strong></span> <span class='ocrx_word' id='word_1_431' title='bbox 1226 1844 1295 1890; x_wconf 84' lang='grc' dir='ltr'><strong><em>τὴν</em></strong></span> <span class='ocrx_word' id='word_1_432' title='bbox 1331 1846 1433 1880; x_wconf 84' lang='grc' dir='ltr'><strong><em>ἰδίαν</em></strong></span> <span class='ocrx_word' id='word_1_433' title='bbox 1457 1843 1656 1880; x_wconf 69' lang='grc' dir='ltr'><strong><em>ἐπιείκειάν</em></strong></span> <span class='ocrx_word' id='word_1_434' title='bbox 1680 1857 1718 1882; x_wconf 73' lang='grc' dir='ltr'><strong><em>τε</em></strong></span> 
     </span>
     <span class='ocr_line' id='line_1_71' title="bbox 909 1889 1718 1936; baseline 0.002 -11"><span class='ocrx_word' id='word_1_435' title='bbox 909 1894 968 1926; x_wconf 80' lang='grc' dir='ltr'><strong><em>καὶ</em></strong></span> <span class='ocrx_word' id='word_1_436' title='bbox 995 1891 1261 1935; x_wconf 78' lang='grc' dir='ltr'><strong><em>δικαιοσύνην,</em></strong></span> <span class='ocrx_word' id='word_1_437' title='bbox 1293 1889 1360 1933; x_wconf 80' lang='grc' dir='ltr'><strong><em>τάς</em></strong></span> <span class='ocrx_word' id='word_1_438' title='bbox 1387 1891 1558 1936; x_wconf 67' lang='grc' dir='ltr'><strong><em>συνέῃυς</em></strong></span> <span class='ocrx_word' id='word_1_439' title='bbox 1579 1890 1718 1936; x_wconf 83' lang='grc' dir='ltr'><strong><em>νήσους</em></strong></span> 
     </span>
     <span class='ocr_line' id='line_1_72' title="bbox 909 1937 1716 1992; baseline 0.001 -20"><span class='ocrx_word' id='word_1_440' title='bbox 909 1939 1129 1992; x_wconf 79' lang='grc' dir='ltr'><strong><em>κατεκτᾶτο,</em></strong></span> <span class='ocrx_word' id='word_1_441' title='bbox 1174 1951 1236 1973; x_wconf 87' lang='grc' dir='ltr'><strong><em>και</em></strong></span> <span class='ocrx_word' id='word_1_442' title='bbox 1273 1937 1446 1980; x_wconf 82' lang='grc' dir='ltr'><strong><em>διεμέριζε</em></strong></span> <span class='ocrx_word' id='word_1_443' title='bbox 1481 1938 1548 1980; x_wconf 78' lang='grc' dir='ltr'><strong><em>τήν</em></strong></span> <span class='ocrx_word' id='word_1_444' title='bbox 1582 1951 1716 1982; x_wconf 78' lang='grc' dir='ltr'><strong><em>χωραν,</em></strong></span> 
     </span>
     <span class='ocr_line' id='line_1_73' title="bbox 909 1982 1717 2027; baseline 0.001 -10"><span class='ocrx_word' id='word_1_445' title='bbox 909 1982 1047 2027; x_wconf 69' lang='grc' dir='ltr'><strong><em>ἔρημον</em></strong></span> <span class='ocrx_word' id='word_1_446' title='bbox 1071 1994 1200 2019; x_wconf 84' lang='grc' dir='ltr'><strong><em>ουσαν.</em></strong></span> <span class='ocrx_word' id='word_1_447' title='bbox 1233 1996 1277 2017; x_wconf 82' lang='lat' dir='ltr'><strong><em>ex</em></strong></span> <span class='ocrx_word' id='word_1_448' title='bbox 1302 1984 1456 2018; x_wconf 83' lang='lat' dir='ltr'>Heliadis</span> <span class='ocrx_word' id='word_1_449' title='bbox 1479 1991 1533 2019; x_wconf 82' lang='lat' dir='ltr'><strong><em>est</em></strong></span> <span class='ocrx_word' id='word_1_450' title='bbox 1557 1985 1615 2019; x_wconf 89' lang='lat' dir='ltr'>ille</span> <span class='ocrx_word' id='word_1_451' title='bbox 1637 1986 1717 2019; x_wconf 84' lang='grc' dir='ltr'><strong><em>Μα-</em></strong></span> 
     </span>
     <span class='ocr_line' id='line_1_74' title="bbox 907 2029 1716 2075; baseline 0.002 -12"><span class='ocrx_word' id='word_1_452' title='bbox 907 2041 987 2070; x_wconf 82' lang='lat' dir='ltr'><strong><em>car,</em></strong></span> <span class='ocrx_word' id='word_1_453' title='bbox 1012 2029 1055 2064; x_wconf 91' lang='lat' dir='ltr'><strong><em>de</em></strong></span> <span class='ocrx_word' id='word_1_454' title='bbox 1087 2041 1155 2074; x_wconf 83' lang='lat' dir='ltr'><strong><em>quo</em></strong></span> <span class='ocrx_word' id='word_1_455' title='bbox 1181 2030 1266 2064; x_wconf 82' lang='lat' dir='ltr'>dicit</span> <span class='ocrx_word' id='word_1_456' title='bbox 1285 2030 1403 2064; x_wconf 89' lang='lat' dir='ltr'>Schol.</span> <span class='ocrx_word' id='word_1_457' title='bbox 1429 2031 1476 2070; x_wconf 83' lang='lat' dir='ltr'><strong><em>B,</em></strong></span> <span class='ocrx_word' id='word_1_458' title='bbox 1511 2031 1569 2075; x_wconf 90' lang='lat' dir='ltr'>qui</span> <span class='ocrx_word' id='word_1_459' title='bbox 1604 2030 1716 2066; x_wconf 88' lang='lat' dir='ltr'>occiso</span> 
     </span>
     <span class='ocr_line' id='line_1_75' title="bbox 906 2075 1714 2134; baseline 0.003 -25"><span class='ocrx_word' id='word_1_460' title='bbox 906 2075 1018 2109; x_wconf 80' lang='lat' dir='ltr'>fratre</span> <span class='ocrx_word' id='word_1_461' title='bbox 1049 2076 1195 2121; x_wconf 76' lang='lat' dir='ltr'>Tenage</span> <span class='ocrx_word' id='word_1_462' title='bbox 1228 2088 1270 2110; x_wconf 80' lang='lat' dir='ltr'><strong><em>ex</em></strong></span> <span class='ocrx_word' id='word_1_463' title='bbox 1311 2076 1431 2110; x_wconf 84' lang='lat' dir='ltr'>Rhodo</span> <span class='ocrx_word' id='word_1_464' title='bbox 1477 2077 1714 2134; x_wconf 83' lang='lat' dir='ltr'>profugerunt.</span> 
     </span>
     <span class='ocr_line' id='line_1_76' title="bbox 906 2121 1716 2167; baseline 0.004 -12"><span class='ocrx_word' id='word_1_465' title='bbox 906 2121 1008 2157; x_wconf 88' lang='lat' dir='ltr'>Diod.</span> <span class='ocrx_word' id='word_1_466' title='bbox 1034 2122 1067 2163; x_wconf 87' lang='grc'><strong><em>5,</em></strong></span> <span class='ocrx_word' id='word_1_467' title='bbox 1087 2123 1168 2157; x_wconf 89' lang='lat'>5.7:</span> <span class='ocrx_word' id='word_1_468' title='bbox 1194 2125 1339 2157; x_wconf 78' lang='grc' dir='ltr'><strong><em>τούτων</em></strong></span> <span class='ocrx_word' id='word_1_469' title='bbox 1363 2121 1402 2157; x_wconf 81' lang='grc' dir='ltr'><strong><em>δὲ</em></strong></span> <span class='ocrx_word' id='word_1_470' title='bbox 1423 2122 1561 2167; x_wconf 80' lang='grc' dir='ltr'><strong><em>Μάκαρ</em></strong></span> <span class='ocrx_word' id='word_1_471' title='bbox 1578 2122 1646 2166; x_wconf 78' lang='grc' dir='ltr'><strong><em>μὲν</em></strong></span> <span class='ocrx_word' id='word_1_472' title='bbox 1661 2125 1716 2167; x_wconf 83' lang='grc' dir='ltr'><strong><em>εἰς</em></strong></span> 
     </span>
     <span class='ocr_line' id='line_1_77' title="bbox 904 2165 1715 2222; baseline 0.004 -20"><span class='ocrx_word' id='word_1_473' title='bbox 904 2167 1046 2222; x_wconf 85' lang='grc' dir='ltr'><strong><em>Λέσβον</em></strong></span> <span class='ocrx_word' id='word_1_474' title='bbox 1071 2165 1248 2213; x_wconf 69' lang='grc' dir='ltr'><strong><em>ἐφίκετο,</em></strong></span> <span class='ocrx_word' id='word_1_475' title='bbox 1280 2168 1475 2207; x_wconf 79' lang='grc' dir='ltr'><strong><em>Κάνδαλος</em></strong></span> <span class='ocrx_word' id='word_1_476' title='bbox 1509 2170 1548 2204; x_wconf 75' lang='grc' dir='ltr'><strong><em>δὲ</em></strong></span> <span class='ocrx_word' id='word_1_477' title='bbox 1573 2172 1624 2210; x_wconf 86' lang='grc' dir='ltr'><strong><em>εἰς</em></strong></span> <span class='ocrx_word' id='word_1_478' title='bbox 1645 2169 1715 2215; x_wconf 80' lang='grc' dir='ltr'><strong><em>τήν</em></strong></span> 
     </span>
     <span class='ocr_line' id='line_1_78' title="bbox 911 2214 1714 2260; baseline 0.005 -12"><span class='ocrx_word' id='word_1_479' title='bbox 911 2215 974 2248; x_wconf 81' lang='grc' dir='ltr'><strong><em>Κῶ</em></strong></span> <span class='ocrx_word' id='word_1_480' title='bbox 1001 2220 1067 2248; x_wconf 84' lang='lat' dir='ltr'><strong><em>etc.</em></strong></span> <span class='ocrx_word' id='word_1_481' title='bbox 1095 2217 1138 2249; x_wconf 77' lang='lat' dir='ltr'><strong><em>cf.</em></strong></span> <span class='ocrx_word' id='word_1_482' title='bbox 1156 2216 1190 2251; x_wconf 83' lang='lat' dir='ltr'><strong><em>h.</em></strong></span> <span class='ocrx_word' id='word_1_483' title='bbox 1207 2216 1306 2250; x_wconf 80' lang='lat' dir='ltr'>Hom.</span> <span class='ocrx_word' id='word_1_484' title='bbox 1325 2215 1422 2260; x_wconf 77' lang='lat' dir='ltr'>in¹Ap</span> <span class='ocrx_word' id='word_1_485' title='bbox 1425 2216 1482 2251; x_wconf 85' lang='lat' dir='ltr'><strong><em>oll.</em></strong></span> <span class='ocrx_word' id='word_1_486' title='bbox 1500 2217 1577 2260; x_wconf 89' lang='grc'>37.)</span> <span class='ocrx_word' id='word_1_487' title='bbox 1616 2214 1714 2260; x_wconf 80' lang='grc' dir='ltr'><strong><em>ἐέρ-</em></strong></span> 
     </span>
     <span class='ocr_line' id='line_1_79' title="bbox 906 2259 1713 2306; baseline 0.004 -11"><span class='ocrx_word' id='word_1_488' title='bbox 906 2271 988 2304; x_wconf 77' lang='grc' dir='ltr'><strong><em>γει.</em></strong></span> <span class='ocrx_word' id='word_1_489' title='bbox 1019 2259 1084 2306; x_wconf 86' lang='grc' dir='ltr'><strong><em>(β’,</em></strong></span> <span class='ocrx_word' id='word_1_490' title='bbox 1110 2262 1179 2296; x_wconf 89' lang='grc'><strong><em>617</em></strong></span> <span class='ocrx_word' id='word_1_491' title='bbox 1199 2262 1286 2306; x_wconf 84' lang='grc' dir='ltr'><strong><em>ειο.)</em></strong></span> <span class='ocrx_word' id='word_1_492' title='bbox 1320 2261 1562 2305; x_wconf 78' lang='grc' dir='ltr'><strong><em>ἀποχωρίζει,</em></strong></span> <span class='ocrx_word' id='word_1_493' title='bbox 1593 2264 1713 2306; x_wconf 79' lang='grc' dir='ltr'><strong><em>διορί-</em></strong></span> 
     </span>
     <span class='ocr_line' id='line_1_80' title="bbox 905 2308 1710 2353; baseline 0.001 -11"><span class='ocrx_word' id='word_1_494' title='bbox 905 2310 968 2349; x_wconf 81' lang='grc' dir='ltr'><strong><em>ζει.</em></strong></span> <span class='ocrx_word' id='word_1_495' title='bbox 1017 2309 1237 2351; x_wconf 76' lang='grc' dir='ltr'><strong><em>απείρων.</em></strong></span> <span class='ocrx_word' id='word_1_496' title='bbox 1275 2308 1347 2352; x_wconf 87' lang='grc' dir='ltr'><strong><em>(η’</em></strong></span> <span class='ocrx_word' id='word_1_497' title='bbox 1372 2309 1441 2343; x_wconf 70' lang='lat'><strong><em>446</em></strong></span> <span class='ocrx_word' id='word_1_498' title='bbox 1464 2311 1558 2352; x_wconf 81' lang='lat' dir='ltr'>etc.)</span> <span class='ocrx_word' id='word_1_499' title='bbox 1588 2309 1710 2353; x_wconf 79' lang='grc' dir='ltr'><strong><em>μέγας.</em></strong></span> 
     </span>
     <span class='ocr_line' id='line_1_81' title="bbox 904 2353 1711 2400; baseline 0.002 -12"><span class='ocrx_word' id='word_1_500' title='bbox 904 2353 1050 2388; x_wconf 82' lang='grc' dir='ltr'><strong><em>πλατυν</em></strong></span> <span class='ocrx_word' id='word_1_501' title='bbox 1072 2356 1189 2388; x_wconf 81' lang='lat' dir='ltr'>eodem</span> <span class='ocrx_word' id='word_1_502' title='bbox 1213 2366 1315 2388; x_wconf 85' lang='lat' dir='ltr'>sensu</span> <span class='ocrx_word' id='word_1_503' title='bbox 1340 2354 1428 2388; x_wconf 85' lang='lat' dir='ltr'>dixit</span> <span class='ocrx_word' id='word_1_504' title='bbox 1453 2354 1711 2400; x_wconf 81' lang='lat' dir='ltr'>Hellespontum</span> 
     </span>
     <span class='ocr_line' id='line_1_82' title="bbox 903 2397 1527 2444; baseline -0.002 -9"><span class='ocrx_word' id='word_1_505' title='bbox 903 2397 948 2443; x_wconf 87' lang='grc' dir='ltr'><strong><em>ρ’,</em></strong></span> <span class='ocrx_word' id='word_1_506' title='bbox 971 2398 1051 2435; x_wconf 80' lang='grc'><strong><em>432.</em></strong></span> <span class='ocrx_word' id='word_1_507' title='bbox 1076 2405 1111 2434; x_wconf 86' lang='lat' dir='ltr'><strong><em>et</em></strong></span> <span class='ocrx_word' id='word_1_508' title='bbox 1134 2400 1178 2444; x_wconf 85' lang='grc' dir='ltr'><strong><em>η’,</em></strong></span> <span class='ocrx_word' id='word_1_509' title='bbox 1204 2401 1283 2442; x_wconf 90' lang='grc'><strong><em>86.,</em></strong></span> <span class='ocrx_word' id='word_1_510' title='bbox 1308 2400 1365 2434; x_wconf 91' lang='lat' dir='ltr'>ubi</span> <span class='ocrx_word' id='word_1_511' title='bbox 1390 2413 1422 2435; x_wconf 87' lang='lat' dir='ltr'><strong><em>v.</em></strong></span> <span class='ocrx_word' id='word_1_512' title='bbox 1449 2411 1527 2434; x_wconf 80' lang='lat' dir='ltr'>ann.</span> 
     </span>
    </p>

    <p class='ocr_par' dir='ltr' id='par_1_23' title="bbox 898 2446 1709 2765">
     <span class='ocr_line' id='line_1_83' title="bbox 949 2446 1709 2491; baseline 0.004 -13"><span class='ocrx_word' id='word_1_513' title='bbox 949 2446 1027 2481; x_wconf 82' lang='lat'><strong>546.</strong></span> <span class='ocrx_word' id='word_1_514' title='bbox 1076 2446 1163 2480; x_wconf 74' lang='lat' dir='ltr'>lianc</span> <span class='ocrx_word' id='word_1_515' title='bbox 1186 2446 1391 2491; x_wconf 80' lang='lat' dir='ltr'>scripturam</span> <span class='ocrx_word' id='word_1_516' title='bbox 1415 2446 1585 2480; x_wconf 81' lang='lat' dir='ltr'>invenisse</span> <span class='ocrx_word' id='word_1_517' title='bbox 1609 2446 1643 2480; x_wconf 92' lang='lat' dir='ltr'><strong><em>in</em></strong></span> <span class='ocrx_word' id='word_1_518' title='bbox 1668 2447 1709 2482; x_wconf 89' lang='lat' dir='ltr'>li-</span> 
     </span>
     <span class='ocr_line' id='line_1_84' title="bbox 902 2490 1708 2537; baseline 0.005 -13"><span class='ocrx_word' id='word_1_519' title='bbox 902 2490 974 2524; x_wconf 74' lang='lat' dir='ltr'><strong><em>bri·</em></strong></span> <span class='ocrx_word' id='word_1_520' title='bbox 1005 2491 1142 2525; x_wconf 81' lang='lat' dir='ltr'>videtur</span> <span class='ocrx_word' id='word_1_521' title='bbox 1176 2492 1220 2525; x_wconf 81' lang='grc' dir='ltr'>Ε</span> <span class='ocrx_word' id='word_1_522' title='bbox 1261 2493 1386 2537; x_wconf 83' lang='lat' dir='ltr'>vulgo:</span> <span class='ocrx_word' id='word_1_523' title='bbox 1421 2494 1511 2526; x_wconf 79' lang='grc' dir='ltr'><strong><em>ταῖν</em></strong></span> <span class='ocrx_word' id='word_1_524' title='bbox 1547 2504 1594 2527; x_wconf 88' lang='grc' dir='ltr'><strong><em>σε</em></strong></span> <span class='ocrx_word' id='word_1_525' title='bbox 1627 2498 1708 2537; x_wconf 62' lang='lat' dir='ltr'><strong><em>etc„</em></strong></span> 
     </span>
     <span class='ocr_line' id='line_1_85' title="bbox 901 2537 1709 2596; baseline 0.005 -26"><span class='ocrx_word' id='word_1_526' title='bbox 901 2538 1152 2582; x_wconf 80' lang='lat' dir='ltr'>trepidantibus</span> <span class='ocrx_word' id='word_1_527' title='bbox 1184 2537 1269 2572; x_wconf 84' lang='lat' dir='ltr'>viris</span> <span class='ocrx_word' id='word_1_528' title='bbox 1305 2538 1427 2572; x_wconf 80' lang='lat' dir='ltr'>doctis.</span> <span class='ocrx_word' id='word_1_529' title='bbox 1488 2538 1543 2572; x_wconf 86' lang='lat' dir='ltr'>ille</span> <span class='ocrx_word' id='word_1_530' title='bbox 1556 2538 1709 2596; x_wconf 84' lang='lat' dir='ltr'>igitur.</span> 
     </span>
     <span class='ocr_line' id='line_1_86' title="bbox 899 2580 1708 2641; baseline 0.006 -25"><span class='ocrx_word' id='word_1_531' title='bbox 899 2585 996 2625; x_wconf 81' lang='grc' dir='ltr'><strong><em>τῶν,</em></strong></span> <span class='ocrx_word' id='word_1_532' title='bbox 1017 2583 1147 2628; x_wconf 86' lang='lat' dir='ltr'>inquit,</span> <span class='ocrx_word' id='word_1_533' title='bbox 1174 2582 1288 2641; x_wconf 82' lang='grc' dir='ltr'><strong><em>ἤγουν</em></strong></span> <span class='ocrx_word' id='word_1_534' title='bbox 1313 2581 1372 2627; x_wconf 77' lang='grc' dir='ltr'><strong><em>ἐφ’</em></strong></span> <span class='ocrx_word' id='word_1_535' title='bbox 1395 2580 1468 2625; x_wconf 79' lang='grc' dir='ltr'><strong><em>ὦν,</em></strong></span> <span class='ocrx_word' id='word_1_536' title='bbox 1493 2581 1514 2628; x_wconf 82' lang='grc' dir='ltr'>ἢ</span> <span class='ocrx_word' id='word_1_537' title='bbox 1542 2597 1594 2620; x_wconf 83' lang='grc' dir='ltr'><strong><em>ων</em></strong></span> <span class='ocrx_word' id='word_1_538' title='bbox 1613 2586 1708 2621; x_wconf 80' lang='grc' dir='ltr'><strong><em>πάν-</em></strong></span> 
     </span>
     <span class='ocr_line' id='line_1_87' title="bbox 899 2626 1708 2676; baseline 0.005 -13"><span class='ocrx_word' id='word_1_539' title='bbox 899 2642 973 2663; x_wconf 87' lang='grc' dir='ltr'><strong><em>των</em></strong></span> <span class='ocrx_word' id='word_1_540' title='bbox 995 2631 1126 2671; x_wconf 78' lang='grc' dir='ltr'><strong><em>πλέον,</em></strong></span> <span class='ocrx_word' id='word_1_541' title='bbox 1151 2631 1216 2674; x_wconf 70' lang='grc'><strong><em>(1)</em></strong></span> <span class='ocrx_word' id='word_1_542' title='bbox 1252 2626 1276 2674; x_wconf 81' lang='grc' dir='ltr'><em>ἢ</em></span> <span class='ocrx_word' id='word_1_543' title='bbox 1307 2629 1385 2664; x_wconf 73' lang='grc' dir='ltr'><strong><em>καὶ</em></strong></span> <span class='ocrx_word' id='word_1_544' title='bbox 1418 2627 1566 2671; x_wconf 75' lang='grc' dir='ltr'><strong><em>ἄλλως</em></strong></span> <span class='ocrx_word' id='word_1_545' title='bbox 1598 2632 1708 2676; x_wconf 75' lang='grc' dir='ltr'><strong><em>δίχα</em></strong></span> 
     </span>
     <span class='ocr_line' id='line_1_88' title="bbox 898 2675 1706 2722; baseline 0.004 -13"><span class='ocrx_word' id='word_1_546' title='bbox 898 2675 984 2710; x_wconf 83' lang='grc' dir='ltr'><strong><em>τοῦ</em></strong></span> <span class='ocrx_word' id='word_1_547' title='bbox 1009 2689 1052 2716; x_wconf 91' lang='grc' dir='ltr'><strong><em>ν,</em></strong></span> <span class='ocrx_word' id='word_1_548' title='bbox 1075 2679 1156 2722; x_wconf 76' lang='grc' dir='ltr'><strong><em>τῷ,</em></strong></span> <span class='ocrx_word' id='word_1_549' title='bbox 1181 2678 1264 2711; x_wconf 82' lang='grc' dir='ltr'><strong><em>αντὶ</em></strong></span> <span class='ocrx_word' id='word_1_550' title='bbox 1289 2677 1358 2710; x_wconf 83' lang='grc' dir='ltr'><strong><em>τοῦ</em></strong></span> <span class='ocrx_word' id='word_1_551' title='bbox 1384 2675 1442 2711; x_wconf 79' lang='grc' dir='ltr'><strong><em>διὸ</em></strong></span> <span class='ocrx_word' id='word_1_552' title='bbox 1463 2683 1529 2711; x_wconf 87' lang='lat' dir='ltr'><strong><em>etc.</em></strong></span> <span class='ocrx_word' id='word_1_553' title='bbox 1544 2696 1586 2702; x_wconf 90' lang='lat'>—</span> <span class='ocrx_word' id='word_1_554' title='bbox 1605 2678 1706 2714; x_wconf 71' lang='grc'><strong><em>8011.-</em></strong></span> 
     </span>
     <span class='ocr_line' id='line_1_89' title="bbox 898 2722 1618 2765; baseline 0.003 -8"><span class='ocrx_word' id='word_1_555' title='bbox 898 2710 1150 2758; x_wconf 78' lang='grc' dir='ltr'><strong><em>κεκάσθαι.</em></strong></span> <span class='ocrx_word' id='word_1_556' title='bbox 1184 2722 1446 2765; x_wconf 74' lang='grc' dir='ltr'><strong><em>κεκοσμῆσθαι.</em></strong></span> <span class='ocrx_word' id='word_1_557' title='bbox 1479 2733 1515 2756; x_wconf 79' lang='lat' dir='ltr'><strong><em>v.</em></strong></span> <span class='ocrx_word' id='word_1_558' title='bbox 1539 2723 1618 2759; x_wconf 87' lang='grc'>535.</span> 
     </span>
    </p>

    <p class='ocr_par' dir='ltr' id='par_1_24' title="bbox 891 2766 1705 3043">
     <span class='ocr_line' id='line_1_90' title="bbox 942 2766 1705 2815; baseline 0.003 -12"><span class='ocrx_word' id='word_1_559' title='bbox 942 2766 1063 2803; x_wconf 77' lang='lat'><strong><em>549-</em></strong></span> <span class='ocrx_word' id='word_1_560' title='bbox 1072 2770 1150 2804; x_wconf 84' lang='lat'>558.</span> <span class='ocrx_word' id='word_1_561' title='bbox 1191 2767 1433 2803; x_wconf 76' lang='grc' dir='ltr'><strong><em>ἀλίαστον.</em></strong></span> <span class='ocrx_word' id='word_1_562' title='bbox 1460 2769 1545 2808; x_wconf 84' lang='grc'><strong><em>760,</em></strong></span> <span class='ocrx_word' id='word_1_563' title='bbox 1568 2767 1614 2815; x_wconf 84' lang='grc' dir='ltr'><strong><em>β’,</em></strong></span> <span class='ocrx_word' id='word_1_564' title='bbox 1636 2770 1705 2808; x_wconf 88' lang='grc'><strong><em>797</em></strong></span> 
     </span>
     <span class='ocr_line' id='line_1_91' title="bbox 896 2795 1704 2858; baseline 0.004 -10"><span class='ocrx_word' id='word_1_565' title='bbox 896 2817 964 2848; x_wconf 70' lang='lat' dir='ltr'><strong><em>ete.</em></strong></span> <span class='ocrx_word' id='word_1_566' title='bbox 987 2833 1033 2839; x_wconf 89' lang='grc'><strong>-</strong></span> <span class='ocrx_word' id='word_1_567' title='bbox 1056 2814 1273 2858; x_wconf 77' lang='grc' dir='ltr'><strong><em>πρήξεις,</em></strong></span> <span class='ocrx_word' id='word_1_568' title='bbox 1300 2813 1470 2858; x_wconf 69' lang='lat' dir='ltr'>proficies.</span> <span class='ocrx_word' id='word_1_569' title='bbox 1503 2795 1704 2851; x_wconf 53' lang='lat'><strong><em>01:554.—</em></strong></span> 
     </span>
     <span class='ocr_line' id='line_1_92' title="bbox 897 2857 1703 2914; baseline 0.004 -20"><span class='ocrx_word' id='word_1_570' title='bbox 897 2857 1214 2914; x_wconf 72' lang='grc' dir='ltr'><strong><em>ἀκαχήμενος</em></strong></span> <span class='ocrx_word' id='word_1_571' title='bbox 1258 2859 1297 2901; x_wconf 81' lang='grc' dir='ltr'><strong><em>ε’,</em></strong></span> <span class='ocrx_word' id='word_1_572' title='bbox 1330 2860 1378 2895; x_wconf 69' lang='lat'><strong><em>24</em></strong></span> <span class='ocrx_word' id='word_1_573' title='bbox 1402 2866 1467 2894; x_wconf 77' lang='lat' dir='ltr'><strong><em>etc.</em></strong></span> <span class='ocrx_word' id='word_1_574' title='bbox 1500 2880 1543 2885; x_wconf 90' lang='lat'><strong><em>-—-</em></strong></span> <span class='ocrx_word' id='word_1_575' title='bbox 1584 2861 1703 2899; x_wconf 74' lang='grc' dir='ltr'><strong><em>οὐδέ</em></strong></span> 
     </span>
     <span class='ocr_line' id='line_1_93' title="bbox 894 2904 1699 2951; baseline 0.005 -12"><span class='ocrx_word' id='word_1_576' title='bbox 894 2918 1034 2948; x_wconf 85' lang='grc' dir='ltr'><strong><em>μιν-</em></strong></span> <span class='ocrx_word' id='word_1_577' title='bbox 1061 2904 1306 2950; x_wconf 67' lang='grc' dir='ltr'><strong><em>πάθῃσθα.</em></strong></span> <span class='ocrx_word' id='word_1_578' title='bbox 1340 2917 1449 2951; x_wconf 79' lang='lat' dir='ltr'>neque</span> <span class='ocrx_word' id='word_1_579' title='bbox 1484 2908 1573 2940; x_wconf 81' lang='lat' dir='ltr'>enim</span> <span class='ocrx_word' id='word_1_580' title='bbox 1602 2909 1699 2943; x_wconf 71' lang='lat' dir='ltr'>illum</span> 
     </span>
     <span class='ocr_line' id='line_1_94' title="bbox 893 2952 1699 3008; baseline 0.004 -23"><span class='ocrx_word' id='word_1_581' title='bbox 893 2952 1098 2992; x_wconf 70' lang='grc' dir='ltr'><strong><em>εκεοίιαὸἰες</em></strong></span> <span class='ocrx_word' id='word_1_582' title='bbox 1119 2952 1199 2997; x_wconf 89' lang='lat' dir='ltr'>quin</span> <span class='ocrx_word' id='word_1_583' title='bbox 1217 2953 1331 2996; x_wconf 74' lang='lat' dir='ltr'>potius</span> <span class='ocrx_word' id='word_1_584' title='bbox 1349 2953 1420 3008; x_wconf 54' lang='lat' dir='ltr'>ipse</span> <span class='ocrx_word' id='word_1_585' title='bbox 1431 2954 1590 2997; x_wconf 74' lang='lat' dir='ltr'>graviori</span> <span class='ocrx_word' id='word_1_586' title='bbox 1605 2955 1699 2988; x_wconf 81' lang='lat' dir='ltr'>malo</span> 
     </span>
     <span class='ocr_line' id='line_1_95' title="bbox 891 2998 1694 3043; baseline 0.005 -12"><span class='ocrx_word' id='word_1_587' title='bbox 891 2998 1121 3042; x_wconf 72' lang='lat' dir='ltr'>implicabere.</span> <span class='ocrx_word' id='word_1_588' title='bbox 1159 3010 1191 3034; x_wconf 78' lang='lat' dir='ltr'><strong><em>v,</em></strong></span> <span class='ocrx_word' id='word_1_589' title='bbox 1207 3009 1283 3032; x_wconf 79' lang='lat' dir='ltr'>ann.</span> <span class='ocrx_word' id='word_1_590' title='bbox 1302 2998 1345 3032; x_wconf 78' lang='lat' dir='ltr'><strong><em>ad</em></strong></span> <span class='ocrx_word' id='word_1_591' title='bbox 1369 3010 1416 3039; x_wconf 83' lang='grc' dir='ltr'><strong><em>α,</em></strong></span> <span class='ocrx_word' id='word_1_592' title='bbox 1438 3001 1495 3035; x_wconf 82' lang='lat'><strong><em>29.</em></strong></span> <span class='ocrx_word' id='word_1_593' title='bbox 1521 3019 1566 3024; x_wconf 92' lang='lat'>—</span> <span class='ocrx_word' id='word_1_594' title='bbox 1590 2999 1694 3043; x_wconf 61' lang='lat' dir='ltr'><strong><em>„dv-</em></strong></span> 
     </span>
    </p>
   </div>
  </div>
 </body>
</html>
