1847 3277
114 113 200 153 298

745 115 1145 156 ΟΜΗΡΟΥ

282 219 438 264 αὐτίκα
468 220 505 266 δ’
536 223 596 273 εἰς
624 221 788 280 υπερῷ’
819 222 989 278 εἷναβοὶς
1019 223 1278 294 παρελέξατο
1308 223 1451 290 λάθρη

173 280 254 322 185
281 275 479 346 Ερμείας
509 277 730 350 amima
762 280 898 329 πόρεν
927 282 974 323 δὲ
1005 281 1049 323 οἱ
1077 279 1241 333 ἀγλαόν
1269 280 1371 322 υιόν

282 333 520 404 Εὔδωρον,
552 336 650 390 πέρι
680 337 758 390 μὲν
787 338 923 379 θείειν
952 336 1086 391 ταχύν
1114 334 1190 391 ἠδὲ
1219 336 1423 392 μαχητήν.

283 389 423 445 αὐτὰρ
451 393 593 448 ἐπειδή
626 393 749 447 τόνγε
779 393 1050 446 μογοστόκος
1081 394 1309 436 Εἰλείθυια

280 446 458 502 ἐξάγαγε
485 449 572 500 πρό
605 449 802 502 φόωσδε,
832 449 906 491 καὶ
935 447 1082 503 ἠελίου
1112 451 1205 491 ἴδεν
1236 448 1395 502 αὐγὰς,

277 503 359 572 τήν
387 504 465 559 μὲν
491 504 712 574 Ἐχεκλῆος
756 505 969 558 κρατερόν
998 506 1127 572 με’νος
1157 505 1405 555 Ἀκτορίδαο

169 564 250 603 190
277 557 464 616 ἠγάγετο
495 562 604 615 πρὸς
631 559 812 616 δώματ’,
844 562 932 605 ἐπεὶ
967 560 1076 616 πόρε
1106 564 1244 618 μυρία
1274 561 1400 604 ε’δνα·

106 728 408 764 XOPOIKH1H
455 734 644 764 mutaretur
696 730 840 775 primum
882 730 918 765 in

105 775 343 810 XOPOIKA
344 779 419 816 1H,
464 776 585 809 deinde
615 779 650 810 in
674 779 918 812 XOPSAEIKA-

105 822 178 854 ΛΗ
200 827 235 854 et
259 823 424 856 ΧΟΡΩῙ
448 825 603 863 ΚΑΛΗ,
637 824 726 867 quod
760 824 918 878 arripue-

106 872 186 899 runt
235 866 352 900 insulsi
401 868 663 912 explicatores.)
729 882 778 911 κο
793 882 917 910 ατυς

106 913 292 955 κρατερὸς
317 913 477 958 ἰσχυρός.
506 915 700 959 (epitheton
734 916 916 949 Mercurii:

106 959 153 991 cf.
179 957 231 1000 ω’,
256 960 348 1002 345„
385 961 459 1004 Od)
468 971 511 993 55.
547 960 586 1013 ε’,
621 961 687 999 49,
724 961 800 1001 148,
827 964 858 995 1ι.
883 962 917 995 in

106 1004 217 1038 Merc.
251 1007 338 1047 294,
375 974 463 1046 414,
509 1007 542 1039 h.
578 1006 610 1039 in
658 1007 741 1040 V.en
776 1009 850 1042 129.
880 1028 919 1034 —

106 1048 334 1106 η’ράσατο.
361 1051 403 1094 ξ’,
421 1031 522 1095 317)
546 1051 918 1099 μελπομένῃσιν.

107 1095 312 1151 ᾀδούσαις,
360 1111 442 1156 ζορε
429 1098 611 1138 μυούσαις
669 1100 730 1142 (v.
765 1112 840 1133 ann.
874 1101 918 1134 ad

107 1142 155 1183 α’,
182 1144 261 1178 474.
288 1162 330 1169 —
375 1144 644 1189 Ἀρτέμιδος
668 1157 795 1189 χρυσ.
830 1150 917 1182 κελ.

107 1194 188 1223 sunt
213 1191 298 1224 haec
324 1191 420 1225 velut
445 1192 550 1224 verba
577 1192 710 1234 1ι)ιιιιι1,
736 1204 831 1236 quem
858 1204 916 1227 ce-

107 1234 192 1269 cinit
214 1236 304 1270 inter
335 1237 526 1271 saltandum
552 1217 722 1280 Polymele
747 1250 820 1272 cum
847 1239 915 1272 vir-

107 1280 243 1326 ginibus
257 1283 483 1340 Ephyraeis.)
531 1296 612 1326 χρυ
625 1295 644 1317 σ
659 1287 707 1325 ηλ
719 1297 772 1318 ακ
783 1284 806 1318 οἱ
821 1298 867 1319 το
883 1299 915 1319 v.

105 1327 340 1384 καλλιτόξου,
375 1327 398 1374 ἢ
420 1331 546 1374 χρυσῷ
569 1331 619 1364 τῶ
649 1330 760 1385 βέλει
777 1331 916 1374 χρωμέ-

105 1387 182 1418 νης.
215 1371 400 1431 ἠλακάτην
433 1375 500 1420 γὰρ
533 1377 686 1411 καλοῦσι
721 1375 760 1410 τὸ
797 1378 915 1433 βέλος,

104 1421 168 1455 καὶ
193 1420 235 1457 τὸ
259 1426 468 1465 γυιαικεῖον
493 1422 698 1467 ἐργαλεῖον,
732 1421 769 1466 ἐξ
803 1418 849 1458 οὗ
873 1422 913 1459 τὸ

103 1468 204 1511 νῆμα
229 1466 393 1503 ἕλκουσιν
417 1476 484 1503 etc.
511 1469 683 1512 (similiter
697 1470 761 1514 Ap.
789 1470 915 1514 aliique

102 1515 337 1557 grammatici,
358 1507 636 1560 quemadmodum
662 1522 698 1548 et
723 1516 835 1549 Latini
861 1528 915 1549 sa-

103 1560 227 1604 gittam
251 1561 371 1594 dicunt
395 1562 603 1595 arundinem
628 1574 646 1595 a
672 1563 824 1595 materia.
851 1574 912 1595 ne-

103 1617 170 1649 que
206 1606 292 1640 enim
327 1607 458 1641 Dianae
500 1615 581 1652 apta
622 1613 676 1641 est
719 1609 831 1647 colus,
877 1613 915 1641 ut

102 1652 332 1696 Amphitritae
384 1658 419 1687 et
459 1654 665 1687 Nereidibus
711 1666 766 1699 ap.
814 1633 915 1687 1⁹³ind.

102 1697 160 1731 01.
187 1700 229 1738 6,
264 1699 355 1740 177,
403 1699 503 1732 Nem.
530 1701 574 1740 5,
609 1701 678 1742 65,-
703 1712 814 1744 neque
839 1700 916 1734 huic

101 1743 380 1799 interpretationi
422 1746 536 1779 obstat
565 1726 673 1787 illud,
720 1746 812 1791 quod
847 1757 916 1779 vox

100 1788 266 1836 ἠλακάτη
290 1802 425 1836 semper
450 1791 559 1825 colum
585 1803 646 1825 seu
672 1793 783 1826 fusum
808 1792 913 1836 signi-

101 1837 185 1870 ficat
217 1848 274 1882 ap.
308 1838 502 1871 Homerum
533 1838 582 1871 sic
619 1839 786 1883 ἰοχέαιρα
818 1838 915 1871 audit

104 1882 228 1923 Diana,
246 1889 284 1917 ut
303 1885 423 1928 Apollo
446 1884 557 1917 frater
582 1881 843 1929 ἀργυρότοξος,
855 1895 912 1918 ar-

102 1940 245 1973 cumque
269 1934 305 1963 et
322 1929 468 1975 sagittas
501 1936 642 1974 gestare
670 1932 759 1966 solet
790 1931 824 1966 in
855 1941 912 1963 ar-

103 1975 218 2017 tibus,
251 1987 420 2020 nunquam
455 1976 572 2009 colum.
605 1978 650 2011 cf.
676 1979 711 2011 H
747 1983 783 2012 et
806 1978 910 2010 Schn.

103 2022 137 2054 h.
165 2032 198 2054 ν.
224 2021 324 2057 Voss.
349 2027 481 2056 tamen.
515 2023 577 2056 dcr
605 2025 723 2068 gottin
748 2026 811 2057 mit
833 2024 912 2068 gol-

102 2068 210 2101 dener
233 2068 386 2110 spindez,
420 2068 555 2113 quicum
582 2069 668 2103 facit
691 2071 752 2116 Sp.
778 2081 832 2126 ap.
849 2070 912 2113 K.)

102 2115 407 2169 κελαδεινῆς.
445 2117 700 2160 κυνηγετικῆς,
734 2114 835 2160 παρὰ
869 2114 911 2150 τὸ

103 2158 301 2218 γινόμενον
329 2158 368 2195 ἐν
409 2164 487 2200 τοῖς
526 2165 716 2219 κυνηγίοις
748 2163 914 2203 κέλαδον,

106 2205 129 2242 ὅ
151 2207 225 2243 ἐστι
251 2205 430 2253 θόρυβον·
457 2206 507 2248 ὥς
530 2221 604 2244 που
630 2208 695 2253 (ι’
720 2210 800 2244 547.
811 2209 846 2265 )
852 2209 914 2243 καὶ

104 2253 144 2291 ἐν
174 2252 298 2308 θήρᾳ
311 2255 382 2288 τοῦ
416 2256 661 2290 Καλυδωνίου
690 2254 789 2295 συός·
824 2252 846 2300 ἣ
873 2252 913 2290 δ’

105 2299 212 2358 ἄμφ’
239 2297 368 2356 αυτῷ
389 2301 510 2345 θῆκε
533 2301 689 2337 πολυν
711 2302 915 2358 κέλαδον

103 2361 135 2383 κ.
161 2345 325 2402 ἀϋτήν.
353 2367 390 2372 -
418 2346 464 2388 v',
491 2349 567 2382 70.·
582 2345 682 2408 Ἠρῃ
703 2346 735 2383 δ’
761 2347 913 2392 αντέστη

102 2391 394 2452 χρυσηλάκατος,
428 2393 643 2439 κελαδεινὴ,
667 2394 830 2439 Ἀρτεμις
860 2396 915 2429 ἰο-

101 2442 202 2490 χέαιρ
183 2454 239 2484 ρ.α
266 2441 311 2473 cf.
336 2440 368 2473 11.
395 2440 493 2474 Ηυιιι.
521 2441 578 2482 27,
608 2445 641 2477 1.
690 2441 919 2487 Κελαδεινήν

103 2499 166 2536 per
191 2499 230 2521 se
256 2486 401 2520 Dianam
426 2486 514 2520 dixit
538 2499 590 2531 φ,
613 2489 694 2523 511.

151 2555 376 2593 184-186-
409 2553 618 2611 νπερῷα.
657 2555 714 2608 β’,
754 2554 834 2592 514.
869 2576 915 2583 —-

106 2601 422 2646 παρελέξατο.
465 2599 512 2647 β,
546 2604 633 2642 515,
665 2604 706 2644 ζ,
742 2604 809 2639 198
843 2608 911 2636 etc.

103 2670 149 2675 -
174 2649 278 2684 Sch.·
300 2647 521 2691 Ερμείας
548 2646 778 2702 ακοίκητα.
814 2647 832 2683 ὁ
858 2662 908 2703 μη

105 2695 311 2738 δυναμενος
333 2695 556 2749 κακωθῆναι
578 2691 652 2729 υπὸ
679 2693 815 2739 ἑτέρον,
840 2693 910 2739 μή-

104 2755 143 2777 τε
167 2741 208 2778 δὲ
233 2743 395 2777 κακῶσαι
419 2739 549 2782 ἄλλον,
582 2740 647 2776 δια
672 2740 739 2796 τὴν
768 2743 909 2776 οἰκείαν

106 2787 250 2833 ἀρετήν·
265 2788 358 2825 ὅθεν
371 2800 433 2822 και
457 2786 610 2832 δοτήρ
635 2786 771 2830 ἐάων,
783 2789 908 2877 (scrib.

105 2835 264 2879 δῶτορ
295 2833 431 2872 ἐάων.
464 2834 544 2878 Ody
548 2846 593 2868 ss.
627 2832 677 2876 θ’,
703 2814 803 2870 335.·

106 2883 202 2925 μεία,
218 2879 310 2924 Διὸς
333 2894 404 2922 υιε,
430 2879 613 2924 διάκτορε,
638 2881 758 2937 διὸτορ
779 2836 909 2924 ἐοίωΕν.)

109 2925 131 2963 ὅ
175 2927 272 2964 ἐστιν
317 2926 486 2971 ἀγαθῶν.
528 2927 641 2970 (recte
667 2923 810 2972 Ἑρμῆς
850 2925 908 2961 οἰκ.

108 2975 311 3019 intelligitur
326 2973 346 3010 ὁ
369 2972 529 3020 μηδενὸς
549 2975 665 3009 κακοῦ
682 2987 910 3018 περιποιητι-

963 728 1046 771 κὸς,
1078 734 1115 763 ut
1141 729 1188 764 ait
1211 733 1276 774 Ap.
1303 742 1334 763 v.
1371 728 1556 773 ἀκάκητα,
1593 730 1649 772 qui
1685 730 1768 764 deus

965 782 1001 809 et
1024 778 1140 815 σῶκος
1165 788 1231 830 app
1224 777 1357 809 ›elletur
1381 774 1427 818 ν’,
1440 778 1511 818 72-,
1538 781 1574 810 et
1598 775 1768 818 ἐριούνης

963 823 1039 856 sive
1077 821 1260 865 ἐριούνιος
1304 822 1429 856 ibidem
1476 803 1543 862 34,
1588 821 1624 855 ω’
1638 848 1647 863 ,
1687 822 1768 867 457,

965 867 1094 912 Odjss.
1122 870 1169 909 θ’,
1181 870 1274 907 322.,
1301 868 1333 900 11.
1360 881 1390 902 e.
1414 869 1520 909 utile’s,
1542 880 1680 912 remque
1703 870 1767 902 ho—

964 915 1092 947 minum
1119 913 1323 968 αιιςεη5(ξ’,
1334 913 1446 958 49.,1)
1472 912 1514 969 ὅς
1537 913 1585 958 ῥά
1610 928 1647 949 τε
1670 915 1765 950 πάν·
1823 928 1825 934 ·

965 973 1038 994 των
1063 958 1283 1015 Ἀνθρώπων
1311 959 1445 1003 ε’ργοισι
1467 959 1576 1004 χάριν
1607 961 1667 995 και
1703 963 1767 996 κῦ-

967 1008 1032 1046 δος
1059 1003 1195 1049 ὀπάζει.
1244 1007 1384 1062 [Ο(1)55
1409 1006 1450 1049 ο’,
1483 1007 1579 1050 319]
1626 1008 1765 1041 Prome-

965 1053 1068 1086 theus
1093 1065 1231 1098 quoque
1257 1050 1426 1097 α’κάκητα
1449 1059 1592 1086 vocatur
1617 1065 1671 1098 ap.
1696 1054 1767 1088 He·-

964 1098 1093 1132 siodum
1128 1101 1263 1143 Theog.
1298 1101 1375 1133 614.

964 1145 1089 1188 quibus
1114 1145 1265 1179 homines
1285 1145 1412 1178 affecit.
1464 1145 1579 1178 V‹ss.:
1608 1146 1766 1188 Hermes,

964 1193 1026 1223 der
1049 1197 1155 1224 retter
1180 1203 1242 1224 aus
1265 1192 1358 1224 noth.
1384 1190 1536 1224 confudit
1564 1195 1675 1224 tamen
1701 1193 1765 1224 hoc

962 1237 1140 1280 epitheton
1166 1236 1328 1272 Mercurii
1352 1237 1452 1270 Paus.
1463 1238 1497 1277 8,
1516 1238 1550 1271 3.
1576 1249 1651 1270 cum
1676 1239 1767 1282 ejus·
1824 1250 1825 1253 ¹

962 1281 1037 1315 dem
1062 1284 1261 1325 cognomine
1281 1280 1489 1326 Ἀκακήσιος
1512 1284 1555 1316 ab
1568 1285 1680 1317 Aeaco
1705 1285 1769 1317 he-

962 1330 1041 1369 roe,
1076 1330 1134 1373 qui
1169 1329 1340 1362 οοιι1ἰ(1155
1345 1341 1363 1362 e
1404 1329 1529 1362 dicitur
1566 1330 1766 1373 Acacesion,

962 1354 1124 1417 oppidum
1149 1374 1329 1408 Arcadiae.
1354 1394 1398 1399 —-
1424 1375 1466 1408 de
1491 1376 1598 1408 torma
1622 1376 1766 1408 nominis

964 1418 1500 1474 ακακητα,1ι.θ.οἷκακήτης,
1540 1433 1573 1454 v.
1611 1421 1671 1465 Sp.
1708 1433 1765 1465 ap.

962 1468 1028 1509 K.‚
1054 1478 1130 1499 ann.
1156 1466 1199 1499 ad
1225 1465 1271 1502 α’.
1300 1468 1376 1501 175.
1403 1473 1438 1500 et
1461 1467 1709 1511 grammaticos
1721 1486 1765 1491 —

960 1512 1111 1555 πόρεν
1137 1513 1180 1546 οἱ
1211 1510 1341 1549 υιὸν,
1368 1514 1462 1547 dedit
1497 1514 1547 1554 ei,
1581 1512 1765 1552 Mercurio,

951 1560 1088 1601 filium,
1121 1561 1170 1591 sie
1194 1558 1343 1593 schenkt'
1368 1560 1437 1592 ihm
1463 1560 1560 1592 einen
1587 1559 1621 1589 8
1624 1560 1692 1592 Im.
1718 1570 1766 1592 ει-

960 1605 1084 1638 militer
1107 1604 1156 1645 ω’,
1182 1607 1257 1639 59.:
1282 1601 1329 1648 ἣν
1353 1604 1421 1648 ἐγω
1447 1625 1488 1630 -
1514 1604 1623 1648 α’νδρὶ
1647 1604 1766 1650 πόρον

957 1651 1179 1695 παράκοιτιν
1203 1654 1339 1707 Πηλεῖ,
1364 1663 1462 1697 quem
1486 1651 1596 1685 locum
1621 1657 1766 1686 annota-

961 1698 1012 1731 vit
1035 1698 1139 1731 Schn
1163 1709 1196 1730 v.
1230 1696 1346 1742 πόρω.
1380 1716 1424 1722 -
1460 1697 1570 1740 πέρι
1602 1695 1687 1740 μὲν
1721 1700 1763 1732 θ.

960 1756 1134 1787 ταχυν,
1179 1755 1279 1778 cursu
1329 1745 1467 1789 quidem
1507 1745 1763 1778 velocissimum.

961 1789 1007 1832 δ’,
1030 1790 1087 1825 46.

1009 1859 1236 1894 187-192,
1269 1856 1569 1902 μογοστόκος
1608 1858 1764 1893 Εἰλεί-

957 1907 1093 1940 θυια.
1127 1903 1168 1947 λ’,
1183 1903 1536 1961 270.--ε’ξοὶγαγε
1563 1917 1654 1946 προ
1677 1918 1764 1946 φο

959 1954 1090 1987 ωσδε.
1111 1952 1144 1985 1ι.
1157 1963 1186 1985 e.
1197 1949 1421 2005 προεξήγαγε
1433 1949 1593 2008 φόωσδε,
1602 1952 1765 1995 produxit
1816 1967 1820 1995 3

958 2010 994 2032 ιη
1005 2000 1124 2032 lucem
1141 2000 1195 2032 vel
1215 1998 1355 2033 seorsim
1375 1997 1445 2041 πρὸ
1464 1997 1721 2041 intelligamus'
1702 2005 1764 2041 εμ.-
1816 2022 1819 2033 ;

957 2047 1137 2088 προσθεν,
1164 2051 1304 2079 auctore
1323 2045 1440 2079 Schol.
1467 2043 1636 2099 Apollonii
1652 2043 1764 2077 Rhod.
1816 2042 1820 2051 '

959 2103 1037 2125 ann.
1057 2091 1100 2125 ad
1119 2092 1238 2131 1,406.
1257 2091 1302 2125 cf.
1324 2102 1401 2124 ann.
1421 2090 1464 2124 ad
1483 2088 1517 2124 α’
1520 2116 1529 2134 ,
1542 2091 1598 2125 25.
1617 2095 1764 2135 utroque
1843 2086 1847 2139 ⁴4

959 2138 1058 2171 modo
1084 2149 1152 2171 vox
1178 2138 1264 2171 haec
1289 2136 1402 2180 pingit
1420 2141 1455 2170 et
1478 2138 1573 2170 velut
1598 2147 1659 2180 per
1683 2147 1764 2180 par-
1845 2169 1847 2183 Ι

959 2188 1012 2218 tes
1027 2183 1194 2218 describit
1218 2182 1398 2224 actionem,
1423 2182 1627 2227 minimeque
1643 2193 1765 2223 περισ-
1816 2196 1818 2198 ·
1846 2219 1847 2233 ¹

961 2228 1080 2272 σεύει,
1106 2234 1143 2263 nt
1166 2229 1276 2262 visum
1300 2233 1353 2262 est
1387 2228 1587 2284 scriptori
1605 2227 1765 2263 scholio·
1816 2228 1818 2230 ’

961 2255 1213 2310 rumbievium.
1237 2275 1394 2309 recteE.
1420 2288 1465 2310 ου
1498 2273 1592 2311 κατὰ
1616 2273 1657 2309 τὸ
1671 2287 1764 2331 παρ·
1816 2288 1819 2319 j

963 2322 1065 2358 έλκον
1101 2318 1123 2365 ἡ
1160 2318 1338 2376 πρόθεσις
1372 2324 1510 2363 κεῖται,
1557 2319 1650 2356 ἄλλα
1694 2320 1763 2366 τήν
1816 2358 1818 2365 Ι

961 2371 1029 2404 τοῦ
1054 2367 1217 2416 βρέφους
1248 2365 1416 2410 πρόοδον
1448 2369 1502 2408 εἰς
1533 2368 1614 2411 φῶς
1645 2367 1762 2412 δηλοῖ.

962 2416 1097 2460 legerat
1122 2420 1234 2448 autem
1258 2413 1349 2447 ille·
1340 2426 1375 2448 ιιι
1409 2414 1505 2448 libris
1527 2414 1599 2448 suis
1624 2415 1761 2458 conjun-
1814 2418 1819 2457 ξ

962 2465 1042 2496 ctim
1067 2459 1310 2505 προφόωσδε,
1335 2472 1433 2505 quam
1457 2460 1536 2494 item
1560 2460 1762 2503 scripturam
1816 2501 1818 2510 ,

960 2508 1152 2544 mendosam
1174 2506 1304 2540 scholia
1327 2506 1396 2541 ista
1421 2511 1458 2540 et
1480 2506 1610 2550 aliquot
1622 2505 1762 2540 Homeri
1815 2537 1819 2554 ἰ

961 2555 1061 2590 codd.
1088 2553 1282 2588 ostendunt.
1311 2571 1352 2577 —
1379 2551 1578 2596 φόωσδε.
1603 2550 1657 2597 β’,
1681 2552 1761 2592 309,
1816 2584 1817 2589 ,

959 2602 1002 2644 τ’,
1019 2601 1219 2641 103‚1.18
1187 2576 1762 2643 -Ἐχεκλῆοςμένοςᾶἱεῐιιιιι
1815 2608 1817 2613 ’

959 2654 1012 2683 est
1035 2646 1330 2701 περιφραστικαῖς
1362 2651 1403 2678 ut
1441 2646 1525 2679 baec
1559 2650 1594 2677 et
1626 2643 1762 2684 similia,
1814 2647 1818 2654 ’

956 2696 1021 2742 βίη
1041 2692 1282 2746 Ηρακληείη,
1313 2691 1345 2729 ις
1383 2689 1622 2736 Τηλεμαχοιο.
1657 2701 1691 2723 v.
1716 2686 1761 2734 β’,

956 2744 1046 2783 658,
1073 2740 1202 2784 Odjmss
1229 2735 1274 2784 β’,
1299 2736 1366 2771 409
1392 2732 1759 2779 ειο.8(;1ι.ε’-Εχε

952 2790 1063 2843 κλῆς,

954 2881 1081 2915 dicitur
1104 2875 1262 2922 ἄγεσθαι
1284 2878 1442 2920 γυναῖκα
1460 2876 1514 2911 vel
1540 2886 1601 2921 per
1622 2885 1660 2909 se
1680 2871 1762 2919 ἄγε-

957 2929 1070 2970 σθαι,
1104 2929 1143 2959 ut
1177 2924 1301 2958 ducere
1335 2934 1473 2957 uxorem
1497 2925 1534 2957 et
1557 2922 1681 2956 ducere
1705 2931 1761 2967 ap.

956 2973 1108 3008 Latinos.
1154 2980 1189 3005 v,
1226 2970 1326 3004 Bahr.
1368 2968 1409 3002 ad
1445 2969 1498 3002 He
1501 2967 1575 3004 rod.
1613 2970 1626 3001 1
1646 2993 1654 3009 ,
1690 2967 1759 3003 34..

1412 1106 1554 1144 propter
1584 1100 1766 1142 beneficia,
1823 1092 1825 1119 ἶ

1106 2785 1279 2827 ’Ἄκτορος
1318 2786 1416 2822 παῖς.
1450 2801 1494 2809 -
1550 2780 1759 2826 ἠγάγετο
1815 2799 1818 2811 v

953 2832 1073 2878 πρὸς
1104 2830 1327 2874 δώματα,
1361 2830 1461 2865 duxit
1490 2830 1636 2863 domum.
1671 2827 1759 2861 ilem
1816 2834 1819 2839 ·
