<?xml version="1.0" encoding="UTF-8"?>
<!DOCTYPE html PUBLIC "-//W3C//DTD XHTML 1.0 Transitional//EN"
    "http://www.w3.org/TR/xhtml1/DTD/xhtml1-transitional.dtd">
<html xmlns="http://www.w3.org/1999/xhtml" xml:lang="en" lang="en">
 <head>
  <title>
</title>
<meta http-equiv="Content-Type" content="text/html;charset=utf-8" />
  <meta name='ocr-system' content='tesseract 3.04.00' />
  <meta name='ocr-capabilities' content='ocr_page ocr_carea ocr_par ocr_line ocrx_word'/>
</head>
<body>
  <div class='ocr_page' id='page_1' title='image "./carmina02home_0228.png"; bbox 0 0 1847 3277; ppageno 0'>
   <div class='ocr_carea' id='block_1_1' title="bbox 195 117 249 156">
    <p class='ocr_par' dir='ltr' id='par_1_1' title="bbox 195 117 249 156">
     <span class='ocr_line' id='line_1_1' title="bbox 195 117 249 156; baseline 0.019 -1"><span class='ocrx_word' id='word_1_1' title='bbox 195 117 249 156; x_wconf 77' lang='lat'><strong><em>12</em></strong></span> 
     </span>
    </p>
   </div>
   <div class='ocr_carea' id='block_1_2' title="bbox 329 223 1816 316">
    <p class='ocr_par' dir='ltr' id='par_1_2' title="bbox 329 223 1816 316">
     <span class='ocr_line' id='line_1_2' title="bbox 411 223 1816 273; baseline 0.007 -17"><span class='ocrx_word' id='word_1_2' title='bbox 411 234 509 268; x_wconf 86' lang='lat' dir='ltr'>quem</span> <span class='ocrx_word' id='word_1_3' title='bbox 533 223 745 269; x_wconf 76' lang='lat' dir='ltr'>spoliaturus</span> <span class='ocrx_word' id='word_1_4' title='bbox 769 225 952 271; x_wconf 75' lang='lat' dir='ltr'><strong>impeditur</strong></span> <span class='ocrx_word' id='word_1_5' title='bbox 980 225 1022 258; x_wconf 85' lang='lat' dir='ltr'><strong><em>ab</em></strong></span> <span class='ocrx_word' id='word_1_6' title='bbox 1047 224 1229 269; x_wconf 85' lang='lat' dir='ltr'><strong>Apolline,</strong></span> <span class='ocrx_word' id='word_1_7' title='bbox 1254 225 1337 268; x_wconf 87' lang='lat' dir='ltr'><strong><em>qui,</em></strong></span> <span class='ocrx_word' id='word_1_8' title='bbox 1371 226 1497 261; x_wconf 79' lang='lat' dir='ltr'>ceteris</span> <span class='ocrx_word' id='word_1_9' title='bbox 1523 228 1688 273; x_wconf 76' lang='lat' dir='ltr'>Trojanis</span> <span class='ocrx_word' id='word_1_10' title='bbox 1712 242 1816 266; x_wconf 69' lang='lat' dir='ltr'>cessa}</span> 
     </span>
     <span class='ocr_line' id='line_1_3' title="bbox 329 267 1406 316; baseline 0.001 -12"><span class='ocrx_word' id='word_1_11' title='bbox 329 267 440 311; x_wconf 77' lang='lat' dir='ltr'><strong><em>tibus,</em></strong></span> <span class='ocrx_word' id='word_1_12' title='bbox 466 270 650 305; x_wconf 86' lang='lat' dir='ltr'><strong>Hectorem</strong></span> <span class='ocrx_word' id='word_1_13' title='bbox 673 283 694 305; x_wconf 89' lang='lat' dir='ltr'>a</span> <span class='ocrx_word' id='word_1_14' title='bbox 717 272 953 316; x_wconf 78' lang='lat' dir='ltr'>persequendo</span> <span class='ocrx_word' id='word_1_15' title='bbox 978 272 1229 305; x_wconf 79' lang='lat' dir='ltr'>Automedonte</span> <span class='ocrx_word' id='word_1_16' title='bbox 1252 276 1406 306; x_wconf 86' lang='lat' dir='ltr'><strong>revocat.</strong></span> 
     </span>
    </p>
   </div>
   <div class='ocr_carea' id='block_1_3' title="bbox 254 346 1751 1479">
    <p class='ocr_par' dir='ltr' id='par_1_3' title="bbox 357 346 1724 462">
     <span class='ocr_line' id='line_1_4' title="bbox 432 346 1724 421; baseline 0.003 -29.022"><span class='ocrx_word' id='word_1_17' title='bbox 432 347 507 400; x_wconf 81' lang='grc' dir='ltr'><strong><em>Ὡς</em></strong></span> <span class='ocrx_word' id='word_1_18' title='bbox 537 347 579 392; x_wconf 87' lang='grc' dir='ltr'><strong><em>δ’</em></strong></span> <span class='ocrx_word' id='word_1_19' title='bbox 611 347 683 392; x_wconf 82' lang='grc' dir='ltr'><strong><em>ὅτε</em></strong></span> <span class='ocrx_word' id='word_1_20' title='bbox 709 351 773 400; x_wconf 86' lang='grc' dir='ltr'><strong><em>τίς</em></strong></span> <span class='ocrx_word' id='word_1_21' title='bbox 800 365 845 393; x_wconf 88' lang='grc' dir='ltr'><strong><em>τε</em></strong></span> <span class='ocrx_word' id='word_1_22' title='bbox 874 349 985 392; x_wconf 88' lang='grc' dir='ltr'><strong><em>λέων</em></strong></span> <span class='ocrx_word' id='word_1_23' title='bbox 995 346 1323 421; x_wconf 80' lang='grc' dir='ltr'><em>ὀρεσίτροφος,</em></span> <span class='ocrx_word' id='word_1_24' title='bbox 1354 348 1452 392; x_wconf 77' lang='grc' dir='ltr'><strong><em>ἀλκὶ</em></strong></span> <span class='ocrx_word' id='word_1_25' title='bbox 1481 352 1724 406; x_wconf 83' lang='grc' dir='ltr'><strong><em>πεποιθως,</em></strong></span> 
     </span>
     <span class='ocr_line' id='line_1_5' title="bbox 357 404 1511 477; baseline 0.001 -29"><span class='ocrx_word' id='word_1_26' title='bbox 357 404 625 476; x_wconf 82' lang='grc' dir='ltr'><strong><em>βοσκομένης</em></strong></span> <span class='ocrx_word' id='word_1_27' title='bbox 655 404 807 477; x_wconf 78' lang='grc' dir='ltr'><em>ἀγέλης</em></span> <span class='ocrx_word' id='word_1_28' title='bbox 836 409 951 462; x_wconf 87' lang='grc' dir='ltr'><strong><em>βοῦν</em></strong></span> <span class='ocrx_word' id='word_1_29' title='bbox 982 405 1180 462; x_wconf 78' lang='grc' dir='ltr'><strong><em>ἁρπάσῃ,</em></strong></span> <span class='ocrx_word' id='word_1_30' title='bbox 1211 405 1305 461; x_wconf 83' lang='grc' dir='ltr'><strong><em>ἥτις</em></strong></span> <span class='ocrx_word' id='word_1_31' title='bbox 1334 404 1511 476; x_wconf 86' lang='grc' dir='ltr'><strong><em>ἀρίστη,</em></strong></span> 
     </span>
    </p>

    <p class='ocr_par' dir='ltr' id='par_1_4' title="bbox 267 460 1751 631">
     <span class='ocr_line' id='line_1_6' title="bbox 494 460 1605 522; baseline 0.003 -17"><span class='ocrx_word' id='word_1_32' title='bbox 494 461 505 477; x_wconf 87' lang='grc'><strong><em>’</em></strong></span> <span class='ocrx_word' id='word_1_33' title='bbox 537 461 579 514; x_wconf 83' lang='grc' dir='ltr'><strong><em>ἐξ</em></strong></span> <span class='ocrx_word' id='word_1_34' title='bbox 613 460 759 516; x_wconf 84' lang='grc' dir='ltr'><strong><em>αὐχέν’</em></strong></span> <span class='ocrx_word' id='word_1_35' title='bbox 793 462 908 516; x_wconf 80' lang='grc' dir='ltr'><strong><em>ἐάξε,</em></strong></span> <span class='ocrx_word' id='word_1_36' title='bbox 941 463 1090 522; x_wconf 78' lang='grc' dir='ltr'><strong><em>λαβών</em></strong></span> <span class='ocrx_word' id='word_1_37' title='bbox 1117 467 1395 516; x_wconf 79' lang='grc' dir='ltr'><strong><em>κρατεροῖσιν</em></strong></span> <span class='ocrx_word' id='word_1_38' title='bbox 1425 461 1605 517; x_wconf 82' lang='grc' dir='ltr'><strong><em>ὀδοῦσι,</em></strong></span> 
     </span>
     <span class='ocr_line' id='line_1_7' title="bbox 352 517 1751 578; baseline 0.004 -18"><span class='ocrx_word' id='word_1_39' title='bbox 352 520 550 572; x_wconf 75' lang='grc' dir='ltr'><strong><em>πρῶτον,</em></strong></span> <span class='ocrx_word' id='word_1_40' title='bbox 583 518 727 561; x_wconf 75' lang='grc' dir='ltr'><strong><em>ἔπειτα</em></strong></span> <span class='ocrx_word' id='word_1_41' title='bbox 758 518 806 561; x_wconf 84' lang='grc' dir='ltr'><strong><em>δέ</em></strong></span> <span class='ocrx_word' id='word_1_42' title='bbox 836 517 888 562; x_wconf 87' lang='grc' dir='ltr'><strong><em>θ’</em></strong></span> <span class='ocrx_word' id='word_1_43' title='bbox 919 522 1026 574; x_wconf 82' lang='grc' dir='ltr'><strong><em>αἱμα</em></strong></span> <span class='ocrx_word' id='word_1_44' title='bbox 1055 519 1129 562; x_wconf 83' lang='grc' dir='ltr'><strong><em>καὶ</em></strong></span> <span class='ocrx_word' id='word_1_45' title='bbox 1159 519 1315 574; x_wconf 80' lang='grc' dir='ltr'><strong><em>ἔγκατα</em></strong></span> <span class='ocrx_word' id='word_1_46' title='bbox 1343 518 1485 562; x_wconf 81' lang='grc' dir='ltr'><strong><em>πάντα</em></strong></span> <span class='ocrx_word' id='word_1_47' title='bbox 1512 520 1751 578; x_wconf 85' lang='grc' dir='ltr'><strong><em>λαφύσσει,</em></strong></span> 
     </span>
     <span class='ocr_line' id='line_1_8' title="bbox 267 573 1476 646; baseline 0.001 -28"><span class='ocrx_word' id='word_1_48' title='bbox 267 576 322 618; x_wconf 89' lang='grc'><strong><em>65</em></strong></span> <span class='ocrx_word' id='word_1_49' title='bbox 352 576 474 630; x_wconf 76' lang='grc' dir='ltr'><strong><em>δῃῶν</em></strong></span> <span class='ocrx_word' id='word_1_50' title='bbox 505 573 639 643; x_wconf 85' lang='grc' dir='ltr'><strong><em>(α’μφὶ</em></strong></span> <span class='ocrx_word' id='word_1_51' title='bbox 670 574 716 617; x_wconf 84' lang='grc' dir='ltr'><strong><em>δὲ</em></strong></span> <span class='ocrx_word' id='word_1_52' title='bbox 744 573 871 630; x_wconf 82' lang='grc' dir='ltr'><strong><em>τόνγε</em></strong></span> <span class='ocrx_word' id='word_1_53' title='bbox 900 575 1029 626; x_wconf 82' lang='grc' dir='ltr'><strong><em>κύνες</em></strong></span> <span class='ocrx_word' id='word_1_54' title='bbox 1058 575 1214 630; x_wconf 76' lang='grc' dir='ltr'><strong><em>ἄνδρες</em></strong></span> <span class='ocrx_word' id='word_1_55' title='bbox 1242 591 1287 618; x_wconf 83' lang='grc' dir='ltr'><strong><em>τε</em></strong></span> <span class='ocrx_word' id='word_1_56' title='bbox 1316 580 1476 646; x_wconf 83' lang='grc' dir='ltr'><strong><em>νομῆες</em></strong></span> 
     </span>
    </p>

    <p class='ocr_par' dir='ltr' id='par_1_5' title="bbox 352 629 1562 686">
     <span class='ocr_line' id='line_1_9' title="bbox 352 629 1562 686; baseline 0.004 -14"><span class='ocrx_word' id='word_1_57' title='bbox 352 629 496 673; x_wconf 80' lang='grc' dir='ltr'><strong><em>πολλὰ</em></strong></span> <span class='ocrx_word' id='word_1_58' title='bbox 525 629 627 684; x_wconf 77' lang='grc' dir='ltr'><strong><em>μάλ’</em></strong></span> <span class='ocrx_word' id='word_1_59' title='bbox 659 630 854 682; x_wconf 84' lang='grc' dir='ltr'><strong><em>ἰύζουσιν</em></strong></span> <span class='ocrx_word' id='word_1_60' title='bbox 884 631 1165 686; x_wconf 74' lang='grc' dir='ltr'><strong><em>ἀπόπροθεν,</em></strong></span> <span class='ocrx_word' id='word_1_61' title='bbox 1196 630 1297 675; x_wconf 79' lang='grc' dir='ltr'><strong><em>οὐδ’</em></strong></span> <span class='ocrx_word' id='word_1_62' title='bbox 1330 631 1562 677; x_wconf 86' lang='grc' dir='ltr'><strong><em>ἐθέλουσιν</em></strong></span> 
     </span>
    </p>

    <p class='ocr_par' dir='ltr' id='par_1_6' title="bbox 350 685 1558 746">
     <span class='ocr_line' id='line_1_10' title="bbox 350 685 1558 746; baseline 0.002 -18"><span class='ocrx_word' id='word_1_63' title='bbox 350 685 504 729; x_wconf 76' lang='grc' dir='ltr'><strong><em>ἀντίον</em></strong></span> <span class='ocrx_word' id='word_1_64' title='bbox 532 686 781 741; x_wconf 81' lang='grc' dir='ltr'><strong><em>ἐλθέμεναι·</em></strong></span> <span class='ocrx_word' id='word_1_65' title='bbox 815 687 931 742; x_wconf 76' lang='grc' dir='ltr'><strong><em>μάλα</em></strong></span> <span class='ocrx_word' id='word_1_66' title='bbox 958 688 1042 743; x_wconf 86' lang='grc' dir='ltr'><strong><em>γοὶρ</em></strong></span> <span class='ocrx_word' id='word_1_67' title='bbox 1071 687 1239 742; x_wconf 80' lang='grc' dir='ltr'><strong><em>χλωρὸν</em></strong></span> <span class='ocrx_word' id='word_1_68' title='bbox 1270 687 1366 738; x_wconf 85' lang='grc' dir='ltr'><strong><em>δέος</em></strong></span> <span class='ocrx_word' id='word_1_69' title='bbox 1402 690 1558 746; x_wconf 85' lang='grc' dir='ltr'><strong><em>αἱρεῖ),</em></strong></span> 
     </span>
    </p>

    <p class='ocr_par' dir='ltr' id='par_1_7' title="bbox 347 742 1417 800">
     <span class='ocr_line' id='line_1_11' title="bbox 347 742 1417 800; baseline 0.003 -15"><span class='ocrx_word' id='word_1_70' title='bbox 347 742 406 792; x_wconf 70' lang='grc' dir='ltr'><strong><em>ὥς</em></strong></span> <span class='ocrx_word' id='word_1_71' title='bbox 434 746 524 785; x_wconf 75' lang='grc' dir='ltr'><strong><em>τῶν</em></strong></span> <span class='ocrx_word' id='word_1_72' title='bbox 554 742 698 785; x_wconf 82' lang='grc' dir='ltr'><strong><em>οὔτινι</em></strong></span> <span class='ocrx_word' id='word_1_73' title='bbox 725 744 872 800; x_wconf 81' lang='grc' dir='ltr'><strong><em>θυμὸς</em></strong></span> <span class='ocrx_word' id='word_1_74' title='bbox 902 745 967 788; x_wconf 85' lang='grc' dir='ltr'><strong><em>ἐνὶ</em></strong></span> <span class='ocrx_word' id='word_1_75' title='bbox 997 744 1229 800; x_wconf 79' lang='grc' dir='ltr'><strong><em>στήθεσσιν</em></strong></span> <span class='ocrx_word' id='word_1_76' title='bbox 1259 743 1417 799; x_wconf 87' lang='grc' dir='ltr'><strong><em>ἐτόλμα</em></strong></span> 
     </span>
    </p>

    <p class='ocr_par' dir='ltr' id='par_1_8' title="bbox 349 796 1330 870">
     <span class='ocr_line' id='line_1_12' title="bbox 349 796 1330 870; baseline 0.002 -30"><span class='ocrx_word' id='word_1_77' title='bbox 349 796 506 841; x_wconf 86' lang='grc' dir='ltr'><strong><em>αντίον</em></strong></span> <span class='ocrx_word' id='word_1_78' title='bbox 535 798 762 870; x_wconf 77' lang='grc' dir='ltr'><strong><em>ἐλθέμεναι</em></strong></span> <span class='ocrx_word' id='word_1_79' title='bbox 792 800 1025 844; x_wconf 84' lang='grc' dir='ltr'><strong><em>Μενελαου</em></strong></span> <span class='ocrx_word' id='word_1_80' title='bbox 1054 802 1330 852; x_wconf 81' lang='grc' dir='ltr'><strong><em>κυδαλίμοιο.</em></strong></span> 
     </span>
    </p>

    <p class='ocr_par' dir='ltr' id='par_1_9' title="bbox 262 855 1548 1083">
     <span class='ocr_line' id='line_1_13' title="bbox 262 855 1464 912; baseline 0 -13"><span class='ocrx_word' id='word_1_81' title='bbox 262 860 317 900; x_wconf 87' lang='grc'><strong><em>70</em></strong></span> <span class='ocrx_word' id='word_1_82' title='bbox 347 855 459 897; x_wconf 76' lang='grc' dir='ltr'><strong><em>ἔνθα</em></strong></span> <span class='ocrx_word' id='word_1_83' title='bbox 489 870 536 898; x_wconf 86' lang='grc' dir='ltr'><strong><em>κε</em></strong></span> <span class='ocrx_word' id='word_1_84' title='bbox 567 855 664 910; x_wconf 80' lang='grc' dir='ltr'><strong><em>ῥεῖα</em></strong></span> <span class='ocrx_word' id='word_1_85' title='bbox 694 856 824 911; x_wconf 84' lang='grc' dir='ltr'><strong><em>φέροι</em></strong></span> <span class='ocrx_word' id='word_1_86' title='bbox 853 856 991 900; x_wconf 79' lang='grc' dir='ltr'><strong><em>κλυτὰ</em></strong></span> <span class='ocrx_word' id='word_1_87' title='bbox 1018 857 1169 912; x_wconf 78' lang='grc' dir='ltr'><strong><em>τεύχεα</em></strong></span> <span class='ocrx_word' id='word_1_88' title='bbox 1201 857 1464 900; x_wconf 88' lang='grc' dir='ltr'><strong><em>Πανθοίδαο</em></strong></span> 
     </span>
     <span class='ocr_line' id='line_1_14' title="bbox 344 909 1537 984; baseline 0.001 -30.004"><span class='ocrx_word' id='word_1_89' title='bbox 344 909 590 982; x_wconf 80' lang='grc' dir='ltr'><strong><em>Ἀτρείδης,</em></strong></span> <span class='ocrx_word' id='word_1_90' title='bbox 609 914 645 954; x_wconf 84' lang='grc' dir='ltr'><strong><em>εἰ</em></strong></span> <span class='ocrx_word' id='word_1_91' title='bbox 673 912 735 968; x_wconf 85' lang='grc' dir='ltr'><strong><em>μή</em></strong></span> <span class='ocrx_word' id='word_1_92' title='bbox 768 915 812 956; x_wconf 80' lang='grc' dir='ltr'><strong><em>οῖ</em></strong></span> <span class='ocrx_word' id='word_1_93' title='bbox 844 911 1064 968; x_wconf 76' lang='grc' dir='ltr'><strong><em>ἀγάσσατο</em></strong></span> <span class='ocrx_word' id='word_1_94' title='bbox 1098 916 1264 984; x_wconf 82' lang='grc' dir='ltr'><strong><em>Φοῖβος</em></strong></span> <span class='ocrx_word' id='word_1_95' title='bbox 1291 911 1537 962; x_wconf 84' lang='grc' dir='ltr'><strong><em>Ἀπόλλων,</em></strong></span> 
     </span>
     <span class='ocr_line' id='line_1_15' title="bbox 346 966 1548 1040; baseline 0 -28"><span class='ocrx_word' id='word_1_96' title='bbox 346 966 396 1018; x_wconf 82' lang='grc' dir='ltr'><strong><em>ὅς</em></strong></span> <span class='ocrx_word' id='word_1_97' title='bbox 431 967 488 1023; x_wconf 79' lang='grc' dir='ltr'><strong><em>ῥά</em></strong></span> <span class='ocrx_word' id='word_1_98' title='bbox 518 970 560 1010; x_wconf 83' lang='grc' dir='ltr'><strong><em>οἱ</em></strong></span> <span class='ocrx_word' id='word_1_99' title='bbox 578 967 757 1036; x_wconf 88' lang='grc' dir='ltr'><strong><em>Ἐκτορ’</em></strong></span> <span class='ocrx_word' id='word_1_100' title='bbox 788 969 977 1024; x_wconf 77' lang='grc' dir='ltr'><strong><em>ἐπῶρσε,</em></strong></span> <span class='ocrx_word' id='word_1_101' title='bbox 1009 975 1107 1040; x_wconf 76' lang='grc' dir='ltr'><strong><em>θοῷ</em></strong></span> <span class='ocrx_word' id='word_1_102' title='bbox 1138 969 1383 1013; x_wconf 80' lang='grc' dir='ltr'><strong><em>α’τάλαντον</em></strong></span> <span class='ocrx_word' id='word_1_103' title='bbox 1402 968 1548 1025; x_wconf 72' lang='grc' dir='ltr'><strong><em>Ἄρηϊ,</em></strong></span> 
     </span>
     <span class='ocr_line' id='line_1_16' title="bbox 345 1023 1405 1083; baseline 0.001 -16"><span class='ocrx_word' id='word_1_104' title='bbox 345 1023 471 1078; x_wconf 89' lang='grc' dir='ltr'><strong><em>α’νέρι</em></strong></span> <span class='ocrx_word' id='word_1_105' title='bbox 502 1024 751 1080; x_wconf 84' lang='grc' dir='ltr'><strong><em>εἰσαμενος,</em></strong></span> <span class='ocrx_word' id='word_1_106' title='bbox 782 1027 989 1070; x_wconf 86' lang='grc' dir='ltr'><strong><em>Κικόνων</em></strong></span> <span class='ocrx_word' id='word_1_107' title='bbox 1018 1026 1199 1083; x_wconf 84' lang='grc' dir='ltr'><strong><em>ἡγήτορι</em></strong></span> <span class='ocrx_word' id='word_1_108' title='bbox 1230 1026 1405 1082; x_wconf 83' lang='grc' dir='ltr'><strong><em>Μέντῃ·</em></strong></span> 
     </span>
    </p>

    <p class='ocr_par' dir='ltr' id='par_1_10' title="bbox 345 1081 1450 1153">
     <span class='ocr_line' id='line_1_17' title="bbox 345 1081 1450 1153; baseline 0.001 -29"><span class='ocrx_word' id='word_1_109' title='bbox 345 1083 421 1124; x_wconf 88' lang='grc' dir='ltr'><strong><em>καί</em></strong></span> <span class='ocrx_word' id='word_1_110' title='bbox 450 1097 526 1133; x_wconf 89' lang='grc' dir='ltr'><strong><em>μιν</em></strong></span> <span class='ocrx_word' id='word_1_111' title='bbox 557 1081 768 1138; x_wconf 84' lang='grc' dir='ltr'><strong><em>φωνήσας</em></strong></span> <span class='ocrx_word' id='word_1_112' title='bbox 800 1083 902 1127; x_wconf 79' lang='grc' dir='ltr'><strong><em>ἔπεα</em></strong></span> <span class='ocrx_word' id='word_1_113' title='bbox 931 1084 1169 1140; x_wconf 89' lang='grc' dir='ltr'><strong><em>πτερόεντα</em></strong></span> <span class='ocrx_word' id='word_1_114' title='bbox 1197 1083 1450 1153; x_wconf 78' lang='grc' dir='ltr'><strong><em>προσηύδα·</em></strong></span> 
     </span>
    </p>

    <p class='ocr_par' dir='ltr' id='par_1_11' title="bbox 340 1137 1665 1422">
     <span class='ocr_line' id='line_1_18' title="bbox 431 1137 1665 1209; baseline 0.004 -29"><span class='ocrx_word' id='word_1_115' title='bbox 431 1137 629 1191; x_wconf 86' lang='grc' dir='ltr'><strong><em>,,Ἐκτορ,</em></strong></span> <span class='ocrx_word' id='word_1_116' title='bbox 660 1142 747 1182; x_wconf 83' lang='grc' dir='ltr'><strong><em>νῦν</em></strong></span> <span class='ocrx_word' id='word_1_117' title='bbox 776 1139 830 1183; x_wconf 81' lang='grc' dir='ltr'><em>σύ</em></span> <span class='ocrx_word' id='word_1_118' title='bbox 862 1157 940 1195; x_wconf 86' lang='grc' dir='ltr'><strong><em>μεν</em></strong></span> <span class='ocrx_word' id='word_1_119' title='bbox 971 1142 1055 1184; x_wconf 82' lang='grc' dir='ltr'><strong><em>ώδε</em></strong></span> <span class='ocrx_word' id='word_1_120' title='bbox 1085 1140 1224 1191; x_wconf 84' lang='grc' dir='ltr'><strong><em>θέεις,</em></strong></span> <span class='ocrx_word' id='word_1_121' title='bbox 1253 1138 1434 1209; x_wconf 76' lang='grc' dir='ltr'><strong><em>ἀκίχητα</em></strong></span> <span class='ocrx_word' id='word_1_122' title='bbox 1465 1137 1665 1185; x_wconf 72' lang='grc' dir='ltr'><strong><em>διώκων,</em></strong></span> 
     </span>
     <span class='ocr_line' id='line_1_19' title="bbox 345 1193 1048 1252; baseline 0.006 -16.012"><span class='ocrx_word' id='word_1_123' title='bbox 345 1193 508 1245; x_wconf 87' lang='grc' dir='ltr'><strong><em>ι’ππους</em></strong></span> <span class='ocrx_word' id='word_1_124' title='bbox 538 1196 752 1238; x_wconf 86' lang='grc' dir='ltr'><strong><em>Αἰακίδαο</em></strong></span> <span class='ocrx_word' id='word_1_125' title='bbox 784 1198 1048 1252; x_wconf 79' lang='grc' dir='ltr'><strong><em>δαΐφρονος·</em></strong></span> 
     </span>
     <span class='ocr_line' id='line_1_20' title="bbox 344 1249 1467 1323; baseline 0.002 -30"><span class='ocrx_word' id='word_1_126' title='bbox 344 1250 534 1304; x_wconf 80' lang='grc' dir='ltr'><strong><em>ἀνδράσι</em></strong></span> <span class='ocrx_word' id='word_1_127' title='bbox 561 1267 609 1321; x_wconf 89' lang='grc' dir='ltr'><strong><em>γε</em></strong></span> <span class='ocrx_word' id='word_1_128' title='bbox 638 1257 840 1307; x_wconf 86' lang='grc' dir='ltr'><strong><em>θνητοῖσι</em></strong></span> <span class='ocrx_word' id='word_1_129' title='bbox 871 1253 1115 1308; x_wconf 83' lang='grc' dir='ltr'><strong><em>δαμήμεναι</em></strong></span> <span class='ocrx_word' id='word_1_130' title='bbox 1141 1249 1213 1323; x_wconf 88' lang='grc' dir='ltr'><strong><em>ηδ’</em></strong></span> <span class='ocrx_word' id='word_1_131' title='bbox 1245 1251 1467 1320; x_wconf 87' lang='grc' dir='ltr'><strong><em>ὀχέεσθαι,</em></strong></span> 
     </span>
     <span class='ocr_line' id='line_1_21' title="bbox 344 1305 1441 1380; baseline 0.002 -31"><span class='ocrx_word' id='word_1_132' title='bbox 344 1306 460 1377; x_wconf 79' lang='grc' dir='ltr'><strong><em>ἄλλῳ</em></strong></span> <span class='ocrx_word' id='word_1_133' title='bbox 487 1305 532 1363; x_wconf 87' lang='grc' dir='ltr'><strong><em>γ’</em></strong></span> <span class='ocrx_word' id='word_1_134' title='bbox 555 1307 593 1378; x_wconf 81' lang='grc' dir='ltr'><strong><em>ἢ</em></strong></span> <span class='ocrx_word' id='word_1_135' title='bbox 617 1306 797 1363; x_wconf 83' lang='grc' dir='ltr'><strong><em>Ἀχιλῆϊ,</em></strong></span> <span class='ocrx_word' id='word_1_136' title='bbox 826 1310 903 1353; x_wconf 89' lang='grc' dir='ltr'><strong><em>τὸν</em></strong></span> <span class='ocrx_word' id='word_1_137' title='bbox 933 1309 1134 1379; x_wconf 73' lang='grc' dir='ltr'><strong><em>ἀθανάτη</em></strong></span> <span class='ocrx_word' id='word_1_138' title='bbox 1162 1309 1255 1352; x_wconf 89' lang='grc' dir='ltr'><strong><em>τέκε</em></strong></span> <span class='ocrx_word' id='word_1_139' title='bbox 1285 1307 1441 1380; x_wconf 84' lang='grc' dir='ltr'><strong><em>μήτηρ.</em></strong></span> 
     </span>
     <span class='ocr_line' id='line_1_22' title="bbox 340 1362 1469 1435; baseline 0.001 -29"><span class='ocrx_word' id='word_1_140' title='bbox 340 1363 497 1433; x_wconf 89' lang='grc' dir='ltr'><strong><em>τόφρα</em></strong></span> <span class='ocrx_word' id='word_1_141' title='bbox 519 1362 565 1407; x_wconf 88' lang='grc' dir='ltr'><strong><em>δέ</em></strong></span> <span class='ocrx_word' id='word_1_142' title='bbox 594 1381 663 1407; x_wconf 94' lang='grc' dir='ltr'><strong><em>τοι</em></strong></span> <span class='ocrx_word' id='word_1_143' title='bbox 694 1365 919 1416; x_wconf 89' lang='grc' dir='ltr'><strong><em>Μενέλαος</em></strong></span> <span class='ocrx_word' id='word_1_144' title='bbox 947 1365 1121 1435; x_wconf 82' lang='grc' dir='ltr'><strong><em>ἀρήϊος,</em></strong></span> <span class='ocrx_word' id='word_1_145' title='bbox 1149 1363 1318 1419; x_wconf 86' lang='grc' dir='ltr'><strong><em>Ἀτρέος</em></strong></span> <span class='ocrx_word' id='word_1_146' title='bbox 1348 1365 1469 1416; x_wconf 82' lang='grc' dir='ltr'><strong><em>υἱὸς,</em></strong></span> 
     </span>
    </p>

    <p class='ocr_par' dir='ltr' id='par_1_12' title="bbox 254 1419 1559 1479">
     <span class='ocr_line' id='line_1_23' title="bbox 254 1419 1559 1479; baseline -0.001 -14"><span class='ocrx_word' id='word_1_147' title='bbox 254 1425 310 1466; x_wconf 93' lang='grc'><strong><em>80</em></strong></span> <span class='ocrx_word' id='word_1_148' title='bbox 342 1419 589 1477; x_wconf 83' lang='grc' dir='ltr'><strong><em>Πατρόκλῳ</em></strong></span> <span class='ocrx_word' id='word_1_149' title='bbox 622 1422 825 1479; x_wconf 66' lang='grc' dir='ltr'><strong><em>περιβὰς,</em></strong></span> <span class='ocrx_word' id='word_1_150' title='bbox 863 1423 1028 1479; x_wconf 82' lang='grc' dir='ltr'><strong><em>Τρώων</em></strong></span> <span class='ocrx_word' id='word_1_151' title='bbox 1056 1422 1136 1467; x_wconf 79' lang='grc' dir='ltr'><strong><em>τόν</em></strong></span> <span class='ocrx_word' id='word_1_152' title='bbox 1166 1420 1347 1478; x_wconf 75' lang='grc' dir='ltr'><strong><em>ἄριστον</em></strong></span> <span class='ocrx_word' id='word_1_153' title='bbox 1377 1421 1559 1478; x_wconf 86' lang='grc' dir='ltr'><strong><em>ε’πεφνε,</em></strong></span> 
     </span>
    </p>
   </div>
   <div class='ocr_carea' id='block_1_4' title="bbox 354 463 485 517">
    <p class='ocr_par' dir='ltr' id='par_1_13' title="bbox 354 463 485 517">
     <span class='ocr_line' id='line_1_24' title="bbox 354 463 485 517; baseline 0.008 -14"><span class='ocrx_word' id='word_1_154' title='bbox 354 465 431 517; x_wconf 84' lang='grc' dir='ltr'><strong><em>τῆς</em></strong></span> <span class='ocrx_word' id='word_1_155' title='bbox 461 463 485 504; x_wconf 97' lang='lat'><strong><em>6</em></strong></span> 
     </span>
    </p>
   </div>
   <div class='ocr_carea' id='block_1_5' title="bbox 259 1140 315 1182">
    <p class='ocr_par' dir='ltr' id='par_1_14' title="bbox 259 1140 315 1182">
     <span class='ocr_line' id='line_1_25' title="bbox 259 1140 315 1182; baseline 0 0"><span class='ocrx_word' id='word_1_156' title='bbox 259 1140 315 1182; x_wconf 89' lang='grc'><strong><em>75</em></strong></span> 
     </span>
    </p>
   </div>
   <div class='ocr_carea' id='block_1_6' title="bbox 160 1531 981 3011">
    <p class='ocr_par' dir='ltr' id='par_1_15' title="bbox 163 1531 981 2031">
     <span class='ocr_line' id='line_1_26' title="bbox 214 1531 978 1593; baseline 0.006 -25"><span class='ocrx_word' id='word_1_157' title='bbox 214 1534 280 1575; x_wconf 88' lang='grc'><strong><em>61,</em></strong></span> <span class='ocrx_word' id='word_1_158' title='bbox 303 1534 361 1569; x_wconf 71' lang='grc'><strong><em>62.</em></strong></span> <span class='ocrx_word' id='word_1_159' title='bbox 398 1531 739 1591; x_wconf 85' lang='grc' dir='ltr'><strong><em>ὀρεσίτροφος.</em></strong></span> <span class='ocrx_word' id='word_1_160' title='bbox 764 1534 811 1579; x_wconf 92' lang='grc' dir='ltr'><strong><em>μ’,</em></strong></span> <span class='ocrx_word' id='word_1_161' title='bbox 835 1537 978 1593; x_wconf 77' lang='lat'><strong>299.—</strong></span> 
     </span>
     <span class='ocr_line' id='line_1_27' title="bbox 167 1558 979 1626; baseline 0.004 -12"><span class='ocrx_word' id='word_1_162' title='bbox 167 1558 280 1616; x_wconf 63' lang='lat' dir='ltr'><strong><em>a’Zul’</em></strong></span> <span class='ocrx_word' id='word_1_163' title='bbox 301 1592 404 1616; x_wconf 82' lang='grc' dir='ltr'><strong><em>πεπ.</em></strong></span> <span class='ocrx_word' id='word_1_164' title='bbox 429 1580 468 1622; x_wconf 83' lang='grc' dir='ltr'><strong><em>ε’,</em></strong></span> <span class='ocrx_word' id='word_1_165' title='bbox 482 1583 563 1622; x_wconf 73' lang='grc'><strong><em>299,</em></strong></span> <span class='ocrx_word' id='word_1_166' title='bbox 585 1581 629 1622; x_wconf 85' lang='grc' dir='ltr'><strong><em>ν’,</em></strong></span> <span class='ocrx_word' id='word_1_167' title='bbox 642 1583 786 1618; x_wconf 84' lang='lat' dir='ltr'><strong>47letc.</strong></span> <span class='ocrx_word' id='word_1_168' title='bbox 801 1602 847 1608; x_wconf 91' lang='lat'>—</span> <span class='ocrx_word' id='word_1_169' title='bbox 873 1581 979 1626; x_wconf 85' lang='grc' dir='ltr'><strong><em>ἥτις</em></strong></span> 
     </span>
     <span class='ocr_line' id='line_1_28' title="bbox 166 1623 978 1673; baseline 0.002 -12"><span class='ocrx_word' id='word_1_170' title='bbox 166 1623 352 1670; x_wconf 74' lang='grc' dir='ltr'><strong><em>ἀρίστη.</em></strong></span> <span class='ocrx_word' id='word_1_171' title='bbox 396 1639 576 1672; x_wconf 89' lang='lat' dir='ltr'>perperam</span> <span class='ocrx_word' id='word_1_172' title='bbox 604 1629 634 1662; x_wconf 80' lang='grc' dir='ltr'>Ε</span> <span class='ocrx_word' id='word_1_173' title='bbox 660 1628 787 1673; x_wconf 82' lang='lat' dir='ltr'>aliique</span> <span class='ocrx_word' id='word_1_174' title='bbox 810 1630 877 1662; x_wconf 87' lang='lat' dir='ltr'><strong><em>huc</em></strong></span> <span class='ocrx_word' id='word_1_175' title='bbox 900 1634 978 1663; x_wconf 87' lang='lat' dir='ltr'>tra-</span> 
     </span>
     <span class='ocr_line' id='line_1_29' title="bbox 165 1671 979 1731; baseline 0.004 -25"><span class='ocrx_word' id='word_1_176' title='bbox 165 1673 252 1706; x_wconf 88' lang='lat' dir='ltr'><strong>hunt.</strong></span> <span class='ocrx_word' id='word_1_177' title='bbox 275 1672 320 1707; x_wconf 85' lang='lat' dir='ltr'><strong><em>de</em></strong></span> <span class='ocrx_word' id='word_1_178' title='bbox 342 1673 433 1731; x_wconf 66' lang='lat' dir='ltr'>lupis</span> <span class='ocrx_word' id='word_1_179' title='bbox 456 1674 551 1709; x_wconf 78' lang='lat' dir='ltr'>dicta</span> <span class='ocrx_word' id='word_1_180' title='bbox 573 1674 633 1708; x_wconf 83' lang='lat' dir='ltr'>illa</span> <span class='ocrx_word' id='word_1_181' title='bbox 656 1674 705 1716; x_wconf 81' lang='grc' dir='ltr'><strong><em>π’,</em></strong></span> <span class='ocrx_word' id='word_1_182' title='bbox 729 1676 810 1710; x_wconf 86' lang='grc'><strong>353.</strong></span> <span class='ocrx_word' id='word_1_183' title='bbox 844 1671 912 1708; x_wconf 70' lang='grc' dir='ltr'><strong><em>ὑπ’</em></strong></span> <span class='ocrx_word' id='word_1_184' title='bbox 939 1675 979 1711; x_wconf 81' lang='grc' dir='ltr'><strong><em>ἐκ</em></strong></span> 
     </span>
     <span class='ocr_line' id='line_1_30' title="bbox 163 1718 979 1765; baseline 0.004 -13"><span class='ocrx_word' id='word_1_185' title='bbox 163 1718 292 1763; x_wconf 75' lang='grc' dir='ltr'><strong><em>μήλων</em></strong></span> <span class='ocrx_word' id='word_1_186' title='bbox 332 1719 554 1763; x_wconf 79' lang='grc' dir='ltr'><strong><em>αἱρεύμειοι.</em></strong></span> <span class='ocrx_word' id='word_1_187' title='bbox 622 1732 708 1765; x_wconf 91' lang='lat' dir='ltr'>quos</span> <span class='ocrx_word' id='word_1_188' title='bbox 743 1721 777 1753; x_wconf 92' lang='lat' dir='ltr'>H</span> <span class='ocrx_word' id='word_1_189' title='bbox 818 1721 979 1755; x_wconf 83' lang='lat' dir='ltr'>refellens</span> 
     </span>
     <span class='ocr_line' id='line_1_31' title="bbox 166 1765 980 1812; baseline 0.004 -15"><span class='ocrx_word' id='word_1_190' title='bbox 166 1777 287 1799; x_wconf 85' lang='lat' dir='ltr'>verum</span> <span class='ocrx_word' id='word_1_191' title='bbox 313 1769 426 1799; x_wconf 82' lang='lat' dir='ltr'>tamen</span> <span class='ocrx_word' id='word_1_192' title='bbox 451 1778 527 1800; x_wconf 82' lang='lat' dir='ltr'>esse</span> <span class='ocrx_word' id='word_1_193' title='bbox 553 1765 622 1808; x_wconf 85' lang='lat' dir='ltr'><strong><em>ait,</em></strong></span> <span class='ocrx_word' id='word_1_194' title='bbox 662 1767 793 1800; x_wconf 78' lang='lat' dir='ltr'>leonem</span> <span class='ocrx_word' id='word_1_195' title='bbox 818 1767 980 1812; x_wconf 79' lang='lat' dir='ltr'>pinguius</span> 
     </span>
     <span class='ocr_line' id='line_1_32' title="bbox 163 1812 980 1858; baseline 0.004 -14"><span class='ocrx_word' id='word_1_196' title='bbox 163 1812 327 1857; x_wconf 83' lang='lat' dir='ltr'>quodque</span> <span class='ocrx_word' id='word_1_197' title='bbox 359 1823 466 1858; x_wconf 85' lang='lat' dir='ltr'>pecus</span> <span class='ocrx_word' id='word_1_198' title='bbox 500 1824 648 1858; x_wconf 84' lang='lat' dir='ltr'>rapere,</span> <span class='ocrx_word' id='word_1_199' title='bbox 692 1813 723 1846; x_wconf 87' lang='lat' dir='ltr'><strong><em>si</em></strong></span> <span class='ocrx_word' id='word_1_200' title='bbox 768 1813 882 1847; x_wconf 85' lang='lat' dir='ltr'><strong>liceat.</strong></span> <span class='ocrx_word' id='word_1_201' title='bbox 926 1815 980 1847; x_wconf 90' lang='grc' dir='ltr'><strong><em>Κ·</em></strong></span> 
     </span>
     <span class='ocr_line' id='line_1_33' title="bbox 163 1857 981 1902; baseline 0.002 -12.04"><span class='ocrx_word' id='word_1_202' title='bbox 163 1858 276 1900; x_wconf 74' lang='lat' dir='ltr'><strong>„Alie</strong></span> <span class='ocrx_word' id='word_1_203' title='bbox 304 1857 542 1900; x_wconf 82' lang='lat' dir='ltr'>Raubthiere‚</span> <span class='ocrx_word' id='word_1_204' title='bbox 581 1869 685 1902; x_wconf 83' lang='lat' dir='ltr'>sogar</span> <span class='ocrx_word' id='word_1_205' title='bbox 709 1858 831 1893; x_wconf 86' lang='lat' dir='ltr'>Mause</span> <span class='ocrx_word' id='word_1_206' title='bbox 864 1870 896 1894; x_wconf 90' lang='lat' dir='ltr'><strong>u.</strong></span> <span class='ocrx_word' id='word_1_207' title='bbox 922 1860 981 1892; x_wconf 91' lang='lat' dir='ltr'><strong><em>In-</em></strong></span> 
     </span>
     <span class='ocr_line' id='line_1_34' title="bbox 163 1905 980 1950; baseline 0.002 -13"><span class='ocrx_word' id='word_1_208' title='bbox 163 1910 304 1945; x_wconf 80' lang='lat' dir='ltr'>secten‚</span> <span class='ocrx_word' id='word_1_209' title='bbox 334 1906 491 1945; x_wconf 69' lang='grc' dir='ltr'><strong><em>ννέιὴίεῐι,</em></strong></span> <span class='ocrx_word' id='word_1_210' title='bbox 525 1916 626 1938; x_wconf 85' lang='lat' dir='ltr'>wenn</span> <span class='ocrx_word' id='word_1_211' title='bbox 652 1905 749 1938; x_wconf 85' lang='lat' dir='ltr'><strong>Noth</strong></span> <span class='ocrx_word' id='word_1_212' title='bbox 775 1917 808 1940; x_wconf 93' lang='lat' dir='ltr'><strong>u.</strong></span> <span class='ocrx_word' id='word_1_213' title='bbox 833 1906 980 1950; x_wconf 84' lang='lat' dir='ltr'>Hunger</span> 
     </span>
     <span class='ocr_line' id='line_1_35' title="bbox 163 1950 980 1993; baseline 0.002 -10"><span class='ocrx_word' id='word_1_214' title='bbox 163 1961 202 1983; x_wconf 88' lang='lat' dir='ltr'><strong><em>es</em></strong></span> <span class='ocrx_word' id='word_1_215' title='bbox 226 1950 323 1983; x_wconf 78' lang='lat' dir='ltr'>nicht</span> <span class='ocrx_word' id='word_1_216' title='bbox 346 1950 578 1993; x_wconf 83' lang='lat' dir='ltr'>verhindern‚</span> <span class='ocrx_word' id='word_1_217' title='bbox 621 1950 755 1985; x_wconf 83' lang='lat' dir='ltr'>allemal</span> <span class='ocrx_word' id='word_1_218' title='bbox 787 1951 849 1985; x_wconf 86' lang='lat' dir='ltr'><strong><em>das</em></strong></span> <span class='ocrx_word' id='word_1_219' title='bbox 882 1952 980 1985; x_wconf 83' lang='lat' dir='ltr'>beste</span> 
     </span>
     <span class='ocr_line' id='line_1_36' title="bbox 163 1997 276 2031; baseline 0.009 -1"><span class='ocrx_word' id='word_1_220' title='bbox 163 1997 276 2031; x_wconf 79' lang='lat' dir='ltr'><strong>auS.‘⁶</strong></span> 
     </span>
    </p>

    <p class='ocr_par' dir='ltr' id='par_1_16' title="bbox 160 2037 980 2916">
     <span class='ocr_line' id='line_1_37' title="bbox 210 2037 980 2085; baseline -0.003 -8"><span class='ocrx_word' id='word_1_221' title='bbox 210 2043 277 2082; x_wconf 88' lang='lat'><strong><em>63,</em></strong></span> <span class='ocrx_word' id='word_1_222' title='bbox 310 2039 367 2076; x_wconf 83' lang='grc'><strong>64.</strong></span> <span class='ocrx_word' id='word_1_223' title='bbox 410 2037 460 2084; x_wconf 87' lang='grc' dir='ltr'><strong><em>λ’,</em></strong></span> <span class='ocrx_word' id='word_1_224' title='bbox 495 2042 582 2082; x_wconf 89' lang='grc'><strong><em>175,</em></strong></span> <span class='ocrx_word' id='word_1_225' title='bbox 619 2041 697 2076; x_wconf 91' lang='grc'><strong>176.</strong></span> <span class='ocrx_word' id='word_1_226' title='bbox 741 2040 980 2085; x_wconf 72' lang='lat' dir='ltr'>significanter</span> 
     </span>
     <span class='ocr_line' id='line_1_38' title="bbox 166 2086 980 2131; baseline 0.001 -11"><span class='ocrx_word' id='word_1_227' title='bbox 166 2086 256 2120; x_wconf 78' lang='lat' dir='ltr'>dixit</span> <span class='ocrx_word' id='word_1_228' title='bbox 286 2088 348 2122; x_wconf 82' lang='grc' dir='ltr'><strong><em>καὶ</em></strong></span> <span class='ocrx_word' id='word_1_229' title='bbox 384 2087 518 2131; x_wconf 68' lang='grc' dir='ltr'><strong><em>ἔγκατα</em></strong></span> <span class='ocrx_word' id='word_1_230' title='bbox 550 2086 674 2122; x_wconf 80' lang='grc' dir='ltr'><strong><em>πάντα</em></strong></span> <span class='ocrx_word' id='word_1_231' title='bbox 706 2086 907 2131; x_wconf 81' lang='grc' dir='ltr'><strong><em>λαφύσσει,</em></strong></span> <span class='ocrx_word' id='word_1_232' title='bbox 945 2093 980 2122; x_wconf 87' lang='lat' dir='ltr'><strong><em>et</em></strong></span> 
     </span>
     <span class='ocr_line' id='line_1_39' title="bbox 163 2134 979 2178; baseline 0.001 -12"><span class='ocrx_word' id='word_1_233' title='bbox 163 2134 299 2167; x_wconf 80' lang='lat' dir='ltr'><strong><em>viscera</em></strong></span> <span class='ocrx_word' id='word_1_234' title='bbox 319 2136 434 2167; x_wconf 81' lang='lat' dir='ltr'><em>omnia</em></span> <span class='ocrx_word' id='word_1_235' title='bbox 459 2135 628 2174; x_wconf 81' lang='lat' dir='ltr'><strong><em>devorat3</em></strong></span> <span class='ocrx_word' id='word_1_236' title='bbox 652 2134 745 2178; x_wconf 89' lang='lat' dir='ltr'>quod</span> <span class='ocrx_word' id='word_1_237' title='bbox 762 2146 828 2167; x_wconf 85' lang='lat' dir='ltr'><strong><em>non</em></strong></span> <span class='ocrx_word' id='word_1_238' title='bbox 848 2135 979 2168; x_wconf 77' lang='lat' dir='ltr'>faciunt</span> 
     </span>
     <span class='ocr_line' id='line_1_40' title="bbox 162 2178 977 2224; baseline 0.001 -12"><span class='ocrx_word' id='word_1_239' title='bbox 162 2178 274 2223; x_wconf 83' lang='lat' dir='ltr'><strong>tigres</strong></span> <span class='ocrx_word' id='word_1_240' title='bbox 300 2185 336 2213; x_wconf 88' lang='lat' dir='ltr'><strong><em>et</em></strong></span> <span class='ocrx_word' id='word_1_241' title='bbox 359 2181 572 2224; x_wconf 84' lang='lat' dir='ltr'>pantherae,</span> <span class='ocrx_word' id='word_1_242' title='bbox 611 2182 674 2213; x_wconf 89' lang='lat' dir='ltr'><strong><em>sed</em></strong></span> <span class='ocrx_word' id='word_1_243' title='bbox 708 2181 872 2224; x_wconf 84' lang='lat' dir='ltr'>sanguine</span> <span class='ocrx_word' id='word_1_244' title='bbox 897 2186 977 2213; x_wconf 86' lang='lat' dir='ltr'>tan-</span> 
     </span>
     <span class='ocr_line' id='line_1_41' title="bbox 163 2226 978 2270; baseline 0.002 -12"><span class='ocrx_word' id='word_1_245' title='bbox 163 2229 235 2258; x_wconf 83' lang='lat' dir='ltr'><strong><em>tum</em></strong></span> <span class='ocrx_word' id='word_1_246' title='bbox 259 2226 381 2260; x_wconf 82' lang='lat' dir='ltr'>hausto</span> <span class='ocrx_word' id='word_1_247' title='bbox 407 2227 616 2270; x_wconf 84' lang='lat' dir='ltr'>dejectorum</span> <span class='ocrx_word' id='word_1_248' title='bbox 634 2227 826 2260; x_wconf 73' lang='lat' dir='ltr'>animalium</span> <span class='ocrx_word' id='word_1_249' title='bbox 851 2228 978 2260; x_wconf 84' lang='lat' dir='ltr'>abeunt</span> 
     </span>
     <span class='ocr_line' id='line_1_42' title="bbox 163 2270 977 2317; baseline 0.001 -12"><span class='ocrx_word' id='word_1_250' title='bbox 163 2270 232 2305; x_wconf 76' lang='lat' dir='ltr'>alia</span> <span class='ocrx_word' id='word_1_251' title='bbox 244 2271 444 2315; x_wconf 86' lang='lat' dir='ltr'>quaesitum,</span> <span class='ocrx_word' id='word_1_252' title='bbox 458 2284 548 2317; x_wconf 82' lang='lat' dir='ltr'>quae</span> <span class='ocrx_word' id='word_1_253' title='bbox 559 2272 734 2306; x_wconf 84' lang='lat' dir='ltr'>dilanient.</span> <span class='ocrx_word' id='word_1_254' title='bbox 754 2283 786 2305; x_wconf 85' lang='lat' dir='ltr'>v</span> <span class='ocrx_word' id='word_1_255' title='bbox 799 2273 977 2306; x_wconf 80' lang='lat' dir='ltr'><strong>Wilmsen.</strong></span> 
     </span>
     <span class='ocr_line' id='line_1_43' title="bbox 163 2317 976 2375; baseline 0.004 -26"><span class='ocrx_word' id='word_1_256' title='bbox 163 2318 309 2350; x_wconf 73' lang='lat' dir='ltr'><strong>Hamil).</strong></span> <span class='ocrx_word' id='word_1_257' title='bbox 335 2318 397 2351; x_wconf 80' lang='lat' dir='ltr'><strong><em>cler</em></strong></span> <span class='ocrx_word' id='word_1_258' title='bbox 414 2320 649 2375; x_wconf 77' lang='lat' dir='ltr'><strong>Naturgesch.</strong></span> <span class='ocrx_word' id='word_1_259' title='bbox 678 2320 707 2352; x_wconf 92' lang='lat'><strong>1.</strong></span> <span class='ocrx_word' id='word_1_260' title='bbox 734 2330 768 2375; x_wconf 96' lang='grc' dir='ltr'><strong><em>Ρ.</em></strong></span> <span class='ocrx_word' id='word_1_261' title='bbox 790 2317 868 2354; x_wconf 86' lang='grc'><strong>349.</strong></span> <span class='ocrx_word' id='word_1_262' title='bbox 895 2319 976 2352; x_wconf 86' lang='lat' dir='ltr'><strong>Ari-</strong></span> 
     </span>
     <span class='ocr_line' id='line_1_44' title="bbox 162 2362 975 2418; baseline 0.004 -22"><span class='ocrx_word' id='word_1_263' title='bbox 162 2367 244 2418; x_wconf 74' lang='grc' dir='ltr'><strong><em>ειοῐ.</em></strong></span> <span class='ocrx_word' id='word_1_264' title='bbox 270 2364 314 2396; x_wconf 92' lang='grc' dir='ltr'><strong><em>Η.</em></strong></span> <span class='ocrx_word' id='word_1_265' title='bbox 340 2365 380 2396; x_wconf 85' lang='grc' dir='ltr'><strong><em>Α.</em></strong></span> <span class='ocrx_word' id='word_1_266' title='bbox 406 2366 446 2405; x_wconf 88' lang='grc'><strong><em>8,</em></strong></span> <span class='ocrx_word' id='word_1_267' title='bbox 473 2366 516 2408; x_wconf 88' lang='grc'><strong><em>7,</em></strong></span> <span class='ocrx_word' id='word_1_268' title='bbox 541 2366 584 2399; x_wconf 83' lang='lat'><strong><em>4:</em></strong></span> <span class='ocrx_word' id='word_1_269' title='bbox 618 2362 637 2399; x_wconf 86' lang='lat'><strong><em>6</em></strong></span> <span class='ocrx_word' id='word_1_270' title='bbox 664 2363 703 2399; x_wconf 77' lang='grc' dir='ltr'><strong><em>δὲ</em></strong></span> <span class='ocrx_word' id='word_1_271' title='bbox 729 2363 818 2399; x_wconf 82' lang='grc' dir='ltr'><strong><em>λέων</em></strong></span> <span class='ocrx_word' id='word_1_272' title='bbox 843 2377 975 2405; x_wconf 89' lang='grc' dir='ltr'><strong><em>σαρκο-</em></strong></span> 
     </span>
     <span class='ocr_line' id='line_1_45' title="bbox 162 2407 973 2465; baseline 0.004 -22"><span class='ocrx_word' id='word_1_273' title='bbox 162 2407 289 2465; x_wconf 79' lang='grc' dir='ltr'><strong><em>φάγον</em></strong></span> <span class='ocrx_word' id='word_1_274' title='bbox 311 2411 377 2453; x_wconf 76' lang='grc' dir='ltr'><strong><em>μέν</em></strong></span> <span class='ocrx_word' id='word_1_275' title='bbox 402 2410 522 2452; x_wconf 81' lang='grc' dir='ltr'><strong><em>ἐστιν,</em></strong></span> <span class='ocrx_word' id='word_1_276' title='bbox 559 2422 680 2454; x_wconf 78' lang='grc' dir='ltr'><strong><em>ωσπερ</em></strong></span> <span class='ocrx_word' id='word_1_277' title='bbox 714 2411 776 2446; x_wconf 86' lang='grc' dir='ltr'><strong><em>καὶ</em></strong></span> <span class='ocrx_word' id='word_1_278' title='bbox 808 2411 855 2446; x_wconf 78' lang='grc' dir='ltr'><strong><em>τοὶ</em></strong></span> <span class='ocrx_word' id='word_1_279' title='bbox 881 2410 973 2446; x_wconf 62' lang='grc' dir='ltr'><strong><em>ἄλλοι</em></strong></span> 
     </span>
     <span class='ocr_line' id='line_1_46' title="bbox 162 2453 973 2511; baseline 0.004 -21"><span class='ocrx_word' id='word_1_280' title='bbox 162 2454 235 2490; x_wconf 69' lang='grc' dir='ltr'><strong><em>ὅσα</em></strong></span> <span class='ocrx_word' id='word_1_281' title='bbox 266 2453 376 2500; x_wconf 75' lang='grc' dir='ltr'><strong><em>ἄγρια</em></strong></span> <span class='ocrx_word' id='word_1_282' title='bbox 409 2470 442 2491; x_wconf 83' lang='grc' dir='ltr'><strong><em>κ.</em></strong></span> <span class='ocrx_word' id='word_1_283' title='bbox 477 2456 779 2511; x_wconf 80' lang='grc' dir='ltr'><strong><em>καρχαρόδοντα,</em></strong></span> <span class='ocrx_word' id='word_1_284' title='bbox 826 2458 879 2503; x_wconf 89' lang='grc' dir='ltr'><strong><em>τῇ</em></strong></span> <span class='ocrx_word' id='word_1_285' title='bbox 923 2459 973 2493; x_wconf 82' lang='grc' dir='ltr'><strong><em>δὲ</em></strong></span> 
     </span>
     <span class='ocr_line' id='line_1_47' title="bbox 160 2500 974 2559; baseline 0.004 -23"><span class='ocrx_word' id='word_1_286' title='bbox 160 2500 345 2548; x_wconf 74' lang='grc' dir='ltr'><strong><em>βρώσει</em></strong></span> <span class='ocrx_word' id='word_1_287' title='bbox 391 2504 570 2547; x_wconf 84' lang='grc' dir='ltr'><strong><em>χρῆται</em></strong></span> <span class='ocrx_word' id='word_1_288' title='bbox 616 2502 829 2559; x_wconf 78' lang='grc' dir='ltr'><strong><em>λάβρως,</em></strong></span> <span class='ocrx_word' id='word_1_289' title='bbox 885 2504 974 2540; x_wconf 73' lang='grc' dir='ltr'><strong><em>καὶ</em></strong></span> 
     </span>
     <span class='ocr_line' id='line_1_48' title="bbox 160 2547 972 2585; baseline 0.002 -2"><span class='ocrx_word' id='word_1_290' title='bbox 160 2550 422 2584; x_wconf 81' lang='grc' dir='ltr'><strong><em>καταπίνει</em></strong></span> <span class='ocrx_word' id='word_1_291' title='bbox 456 2549 614 2584; x_wconf 80' lang='grc' dir='ltr'><strong><em>πολλοὶ</em></strong></span> <span class='ocrx_word' id='word_1_292' title='bbox 649 2547 735 2585; x_wconf 83' lang='grc' dir='ltr'><strong><em>όλα</em></strong></span> <span class='ocrx_word' id='word_1_293' title='bbox 760 2548 812 2584; x_wconf 91' lang='lat'><strong><em>06</em></strong></span> <span class='ocrx_word' id='word_1_294' title='bbox 839 2552 972 2585; x_wconf 85' lang='grc' dir='ltr'><strong><em>διαι-</em></strong></span> 
     </span>
     <span class='ocr_line' id='line_1_49' title="bbox 162 2595 972 2639; baseline 0.003 -10"><span class='ocrx_word' id='word_1_295' title='bbox 162 2607 267 2639; x_wconf 87' lang='grc' dir='ltr'><strong><em>ρων.</em></strong></span> <span class='ocrx_word' id='word_1_296' title='bbox 311 2600 348 2629; x_wconf 81' lang='lat' dir='ltr'><strong><em>et</em></strong></span> <span class='ocrx_word' id='word_1_297' title='bbox 371 2595 534 2629; x_wconf 83' lang='lat' dir='ltr'><strong><em>Aelianus</em></strong></span> <span class='ocrx_word' id='word_1_298' title='bbox 569 2596 613 2628; x_wconf 86' lang='lat' dir='ltr'><strong><em>de</em></strong></span> <span class='ocrx_word' id='word_1_299' title='bbox 643 2596 764 2635; x_wconf 81' lang='lat' dir='ltr'>leone,</span> <span class='ocrx_word' id='word_1_300' title='bbox 801 2596 848 2631; x_wconf 92' lang='lat' dir='ltr'><strong><em>H.</em></strong></span> <span class='ocrx_word' id='word_1_301' title='bbox 873 2599 911 2631; x_wconf 89' lang='lat' dir='ltr'><strong><em>A.</em></strong></span> <span class='ocrx_word' id='word_1_302' title='bbox 937 2596 972 2638; x_wconf 81' lang='grc'><strong><em>4,</em></strong></span> 
     </span>
     <span class='ocr_line' id='line_1_50' title="bbox 160 2638 970 2698; baseline 0.001 -22"><span class='ocrx_word' id='word_1_303' title='bbox 160 2638 467 2698; x_wconf 63' lang='lat' dir='ltr'><em>34:026r1q202209</em></span> <span class='ocrx_word' id='word_1_304' title='bbox 492 2640 532 2676; x_wconf 81' lang='grc' dir='ltr'><strong><em>δε-</em></strong></span> <span class='ocrx_word' id='word_1_305' title='bbox 565 2639 618 2676; x_wconf 71' lang='grc' dir='ltr'><strong><em>ὦν</em></strong></span> <span class='ocrx_word' id='word_1_306' title='bbox 648 2643 711 2678; x_wconf 89' lang='grc' dir='ltr'><strong><em>καὶ</em></strong></span> <span class='ocrx_word' id='word_1_307' title='bbox 736 2640 823 2683; x_wconf 80' lang='grc' dir='ltr'><strong><em>ὅλα,</em></strong></span> <span class='ocrx_word' id='word_1_308' title='bbox 865 2643 970 2690; x_wconf 84' lang='grc' dir='ltr'><strong><em>φασὶ,</em></strong></span> 
     </span>
     <span class='ocr_line' id='line_1_51' title="bbox 160 2685 973 2731; baseline 0.004 -10"><span class='ocrx_word' id='word_1_309' title='bbox 160 2688 249 2731; x_wconf 84' lang='grc' dir='ltr'><strong><em>μέλη</em></strong></span> <span class='ocrx_word' id='word_1_310' title='bbox 275 2688 420 2731; x_wconf 84' lang='grc' dir='ltr'><strong><em>βρύκων</em></strong></span> <span class='ocrx_word' id='word_1_311' title='bbox 446 2685 492 2723; x_wconf 75' lang='grc' dir='ltr'><strong><em>ἂν</em></strong></span> <span class='ocrx_word' id='word_1_312' title='bbox 515 2689 702 2723; x_wconf 83' lang='grc' dir='ltr'><strong><em>καταπίοι</em></strong></span> <span class='ocrx_word' id='word_1_313' title='bbox 737 2688 882 2723; x_wconf 85' lang='grc' dir='ltr'><strong><em>τούτων</em></strong></span> <span class='ocrx_word' id='word_1_314' title='bbox 903 2691 973 2724; x_wconf 80' lang='lat' dir='ltr'><em>ov’v</em></span> 
     </span>
     <span class='ocr_line' id='line_1_52' title="bbox 160 2733 973 2790; baseline 0.004 -22"><span class='ocrx_word' id='word_1_315' title='bbox 160 2734 446 2779; x_wconf 80' lang='grc' dir='ltr'><strong><em>πεπληρωμένος</em></strong></span> <span class='ocrx_word' id='word_1_316' title='bbox 477 2735 538 2769; x_wconf 83' lang='grc' dir='ltr'><strong><em>καὶ</em></strong></span> <span class='ocrx_word' id='word_1_317' title='bbox 571 2736 683 2790; x_wconf 78' lang='grc' dir='ltr'><strong><em>τριῶν</em></strong></span> <span class='ocrx_word' id='word_1_318' title='bbox 721 2733 867 2779; x_wconf 78' lang='grc' dir='ltr'><strong><em>ἡμερῶν</em></strong></span> <span class='ocrx_word' id='word_1_319' title='bbox 903 2735 973 2771; x_wconf 78' lang='grc' dir='ltr'><strong><em>οὐκ</em></strong></span> 
     </span>
     <span class='ocr_line' id='line_1_53' title="bbox 161 2778 972 2827; baseline 0.002 -13"><span class='ocrx_word' id='word_1_320' title='bbox 161 2779 282 2815; x_wconf 75' lang='grc' dir='ltr'><strong><em>ἐσθίει</em></strong></span> <span class='ocrx_word' id='word_1_321' title='bbox 315 2782 512 2824; x_wconf 82' lang='grc' dir='ltr'><strong><em>πολλάκις,</em></strong></span> <span class='ocrx_word' id='word_1_322' title='bbox 551 2779 627 2816; x_wconf 76' lang='grc' dir='ltr'><strong><em>ἔστ’</em></strong></span> <span class='ocrx_word' id='word_1_323' title='bbox 661 2778 706 2814; x_wconf 71' lang='grc' dir='ltr'><strong><em>ἂν</em></strong></span> <span class='ocrx_word' id='word_1_324' title='bbox 736 2780 972 2827; x_wconf 80' lang='grc' dir='ltr'><strong><em>ύπαναλωθῆ</em></strong></span> 
     </span>
     <span class='ocr_line' id='line_1_54' title="bbox 161 2825 974 2873; baseline 0.005 -13"><span class='ocrx_word' id='word_1_325' title='bbox 161 2825 210 2860; x_wconf 79' lang='grc' dir='ltr'><strong><em>τοὶ</em></strong></span> <span class='ocrx_word' id='word_1_326' title='bbox 242 2827 376 2870; x_wconf 75' lang='grc' dir='ltr'><strong><em>πρῶτοί</em></strong></span> <span class='ocrx_word' id='word_1_327' title='bbox 412 2827 450 2864; x_wconf 75' lang='grc' dir='ltr'><strong><em>οὶ</em></strong></span> <span class='ocrx_word' id='word_1_328' title='bbox 489 2827 552 2863; x_wconf 83' lang='grc' dir='ltr'><strong><em>καὶ</em></strong></span> <span class='ocrx_word' id='word_1_329' title='bbox 592 2829 748 2873; x_wconf 81' lang='grc' dir='ltr'><strong><em>πεφθῇ·</em></strong></span> <span class='ocrx_word' id='word_1_330' title='bbox 793 2830 892 2864; x_wconf 86' lang='grc' dir='ltr'><strong><em>πίνει</em></strong></span> <span class='ocrx_word' id='word_1_331' title='bbox 932 2831 974 2864; x_wconf 84' lang='grc' dir='ltr'><strong><em>δὲ</em></strong></span> 
     </span>
     <span class='ocr_line' id='line_1_55' title="bbox 162 2871 282 2916; baseline -0.019 -8"><span class='ocrx_word' id='word_1_332' title='bbox 162 2871 282 2916; x_wconf 81' lang='grc' dir='ltr'><strong><em>ὀλίγα.</em></strong></span> 
     </span>
    </p>

    <p class='ocr_par' dir='ltr' id='par_1_17' title="bbox 165 2918 973 3011">
     <span class='ocr_line' id='line_1_56' title="bbox 213 2918 973 2965; baseline 0.003 -12"><span class='ocrx_word' id='word_1_333' title='bbox 213 2920 312 2953; x_wconf 83' lang='grc'><strong>65-</strong></span> <span class='ocrx_word' id='word_1_334' title='bbox 322 2920 378 2954; x_wconf 83' lang='lat'><strong><em>73</em></strong></span> <span class='ocrx_word' id='word_1_335' title='bbox 407 2919 508 2952; x_wconf 88' lang='lat' dir='ltr'><strong>Sch.:</strong></span> <span class='ocrx_word' id='word_1_336' title='bbox 545 2919 679 2965; x_wconf 78' lang='grc' dir='ltr'><strong><em>δῃαῗν.</em></strong></span> <span class='ocrx_word' id='word_1_337' title='bbox 710 2918 780 2962; x_wconf 88' lang='grc' dir='ltr'><strong><em>(π,</em></strong></span> <span class='ocrx_word' id='word_1_338' title='bbox 808 2921 894 2961; x_wconf 83' lang='grc'><strong><em>158,</em></strong></span> <span class='ocrx_word' id='word_1_339' title='bbox 927 2919 973 2962; x_wconf 83' lang='grc' dir='ltr'><strong><em>δ’,</em></strong></span> 
     </span>
     <span class='ocr_line' id='line_1_57' title="bbox 165 2956 975 3011; baseline 0.004 -12"><span class='ocrx_word' id='word_1_340' title='bbox 165 2966 235 2999; x_wconf 78' lang='lat'><strong><em>416</em></strong></span> <span class='ocrx_word' id='word_1_341' title='bbox 257 2966 345 3009; x_wconf 78' lang='lat' dir='ltr'><strong>etc.)</strong></span> <span class='ocrx_word' id='word_1_342' title='bbox 370 2956 601 3008; x_wconf 84' lang='grc' dir='ltr'><strong><em>διακόπτων,</em></strong></span> <span class='ocrx_word' id='word_1_343' title='bbox 625 2966 793 3011; x_wconf 82' lang='grc' dir='ltr'><strong><em>διαιρων.</em></strong></span> <span class='ocrx_word' id='word_1_344' title='bbox 819 2965 975 3010; x_wconf 82' lang='grc' dir='ltr'><strong><em>ἰύζου-</em></strong></span> 
     </span>
    </p>
   </div>
   <div class='ocr_carea' id='block_1_7' title="bbox 1811 0 1834 1877">
    <p class='ocr_par' dir='ltr' id='par_1_18' title="bbox 1811 0 1834 1877">
     <span class='ocr_line' id='line_1_58' title="bbox 1811 0 1833 297; baseline 0 0"><span class='ocrx_word' id='word_1_345' title='bbox 1811 0 1833 297; x_wconf 95' lang='lat' dir='ltr'><strong><em>  </em></strong></span> 
     </span>
     <span class='ocr_line' id='line_1_59' title="bbox 1814 297 1834 1877; baseline 0 -353"><span class='ocrx_word' id='word_1_346' title='bbox 1814 297 1834 1877; x_wconf 95' lang='lat' dir='ltr'><strong><em>    </em></strong></span> 
     </span>
    </p>
   </div>
   <div class='ocr_carea' id='block_1_8' title="bbox 1100 1194 1464 1250">
    <p class='ocr_par' dir='ltr' id='par_1_19' title="bbox 1100 1194 1464 1250">
     <span class='ocr_line' id='line_1_60' title="bbox 1100 1194 1464 1250; baseline -0.008 -10"><span class='ocrx_word' id='word_1_347' title='bbox 1100 1199 1143 1240; x_wconf 73' lang='lat' dir='ltr'><strong><em>oi</em></strong></span> <span class='ocrx_word' id='word_1_348' title='bbox 1173 1194 1215 1240; x_wconf 85' lang='grc' dir='ltr'><strong><em>δ’</em></strong></span> <span class='ocrx_word' id='word_1_349' title='bbox 1248 1195 1464 1250; x_wconf 86' lang='grc' dir='ltr'><strong><em>αλεγεινοὶ</em></strong></span> 
     </span>
    </p>
   </div>
   <div class='ocr_carea' id='block_1_9' title="bbox 1017 1530 1839 3010">
    <p class='ocr_par' dir='ltr' id='par_1_20' title="bbox 1017 1530 1838 2688">
     <span class='ocr_line' id='line_1_61' title="bbox 1025 1530 1821 1590; baseline -0.008 -18"><span class='ocrx_word' id='word_1_350' title='bbox 1025 1547 1110 1573; x_wconf 88' lang='grc' dir='ltr'><strong><em>σιν.</em></strong></span> <span class='ocrx_word' id='word_1_351' title='bbox 1159 1532 1350 1590; x_wconf 79' lang='grc' dir='ltr'><strong><em>ἆγροικικῇ</em></strong></span> <span class='ocrx_word' id='word_1_352' title='bbox 1397 1535 1505 1581; x_wconf 83' lang='grc' dir='ltr'><strong><em>φωνῇ</em></strong></span> <span class='ocrx_word' id='word_1_353' title='bbox 1547 1530 1821 1590; x_wconf 80' lang='grc' dir='ltr'><strong><em>προσφέρονται</em></strong></span> 
     </span>
     <span class='ocr_line' id='line_1_62' title="bbox 1024 1576 1814 1635; baseline -0.008 -16"><span class='ocrx_word' id='word_1_354' title='bbox 1024 1583 1304 1627; x_wconf 84' lang='grc' dir='ltr'><strong><em>προσφωνοῦσι.</em></strong></span> <span class='ocrx_word' id='word_1_355' title='bbox 1357 1583 1558 1624; x_wconf 82' lang='grc' dir='ltr'><strong><em>πεποίηται</em></strong></span> <span class='ocrx_word' id='word_1_356' title='bbox 1599 1577 1639 1614; x_wconf 76' lang='grc' dir='ltr'><strong><em>δὲ</em></strong></span> <span class='ocrx_word' id='word_1_357' title='bbox 1675 1576 1697 1624; x_wconf 90' lang='grc' dir='ltr'><strong><em>ἡ</em></strong></span> <span class='ocrx_word' id='word_1_358' title='bbox 1742 1578 1814 1635; x_wconf 79' lang='grc' dir='ltr'><strong><em>λέξι</em></strong></span> 
     </span>
     <span class='ocr_line' id='line_1_63' title="bbox 1024 1621 1819 1673; baseline -0.009 -8"><span class='ocrx_word' id='word_1_359' title='bbox 1024 1629 1128 1673; x_wconf 69' lang='grc' dir='ltr'><strong><em>παρὰ</em></strong></span> <span class='ocrx_word' id='word_1_360' title='bbox 1159 1629 1199 1664; x_wconf 82' lang='grc' dir='ltr'>τὸ</span> <span class='ocrx_word' id='word_1_361' title='bbox 1234 1630 1296 1664; x_wconf 83' lang='grc' dir='ltr'><strong><em>ἰοῦ</em></strong></span> <span class='ocrx_word' id='word_1_362' title='bbox 1331 1626 1529 1672; x_wconf 80' lang='grc' dir='ltr'><strong><em>ἐπίῤῥημα.</em></strong></span> <span class='ocrx_word' id='word_1_363' title='bbox 1571 1626 1666 1670; x_wconf 86' lang='lat' dir='ltr'>(imo</span> <span class='ocrx_word' id='word_1_364' title='bbox 1702 1625 1746 1659; x_wconf 86' lang='lat' dir='ltr'><strong><em>ab</em></strong></span> <span class='ocrx_word' id='word_1_365' title='bbox 1778 1621 1819 1659; x_wconf 74' lang='grc' dir='ltr'><strong><em>ἰὰ</em></strong></span> 
     </span>
     <span class='ocr_line' id='line_1_64' title="bbox 1024 1670 1820 1726; baseline -0.009 -16"><span class='ocrx_word' id='word_1_366' title='bbox 1024 1688 1108 1710; x_wconf 73' lang='lat' dir='ltr'><strong><em>vox:</em></strong></span> <span class='ocrx_word' id='word_1_367' title='bbox 1136 1687 1168 1711; x_wconf 87' lang='lat' dir='ltr'><strong><em>v.</em></strong></span> <span class='ocrx_word' id='word_1_368' title='bbox 1189 1676 1294 1709; x_wconf 90' lang='lat' dir='ltr'><strong>Schn.</strong></span> <span class='ocrx_word' id='word_1_369' title='bbox 1316 1686 1350 1707; x_wconf 87' lang='lat' dir='ltr'><strong><em>v.</em></strong></span> <span class='ocrx_word' id='word_1_370' title='bbox 1370 1674 1469 1716; x_wconf 80' lang='grc' dir='ltr'><strong>ἰύζω.</strong></span> <span class='ocrx_word' id='word_1_371' title='bbox 1514 1683 1707 1726; x_wconf 86' lang='lat' dir='ltr'><strong>quanquam</strong></span> <span class='ocrx_word' id='word_1_372' title='bbox 1740 1670 1820 1704; x_wconf 81' lang='lat' dir='ltr'>simi-</span> 
     </span>
     <span class='ocr_line' id='line_1_65' title="bbox 1025 1717 1820 1774; baseline -0.006 -19"><span class='ocrx_word' id='word_1_373' title='bbox 1025 1722 1072 1756; x_wconf 83' lang='lat' dir='ltr'><strong><em>lia</em></strong></span> <span class='ocrx_word' id='word_1_374' title='bbox 1096 1727 1197 1762; x_wconf 88' lang='lat' dir='ltr'>sunt,</span> <span class='ocrx_word' id='word_1_375' title='bbox 1232 1732 1321 1774; x_wconf 84' lang='lat' dir='ltr'>quae</span> <span class='ocrx_word' id='word_1_376' title='bbox 1339 1721 1373 1754; x_wconf 89' lang='lat' dir='ltr'><strong>K</strong></span> <span class='ocrx_word' id='word_1_377' title='bbox 1395 1718 1689 1759; x_wconf 77' lang='lat' dir='ltr'>commemoravit,</span> <span class='ocrx_word' id='word_1_378' title='bbox 1726 1717 1820 1751; x_wconf 85' lang='lat' dir='ltr'><strong>verb·</strong></span> 
     </span>
     <span class='ocr_line' id='line_1_66' title="bbox 1024 1763 1820 1813; baseline -0.009 -10"><span class='ocrx_word' id='word_1_379' title='bbox 1024 1767 1142 1813; x_wconf 80' lang='grc' dir='ltr'><strong><em>γρύζω</em></strong></span> <span class='ocrx_word' id='word_1_380' title='bbox 1180 1771 1215 1801; x_wconf 86' lang='lat' dir='ltr'><strong><em>et</em></strong></span> <span class='ocrx_word' id='word_1_381' title='bbox 1244 1766 1367 1811; x_wconf 78' lang='grc' dir='ltr'><strong><em>μύζω,</em></strong></span> <span class='ocrx_word' id='word_1_382' title='bbox 1407 1779 1428 1801; x_wconf 86' lang='lat' dir='ltr'>a</span> <span class='ocrx_word' id='word_1_383' title='bbox 1460 1778 1527 1811; x_wconf 89' lang='lat' dir='ltr'><strong><em>quo</em></strong></span> <span class='ocrx_word' id='word_1_384' title='bbox 1561 1764 1695 1810; x_wconf 67' lang='grc' dir='ltr'><strong><em>ᾳιιίὀοω</em></strong></span> <span class='ocrx_word' id='word_1_385' title='bbox 1728 1763 1820 1797; x_wconf 86' lang='lat' dir='ltr'>verb</span> 
     </span>
     <span class='ocr_line' id='line_1_67' title="bbox 1024 1809 1821 1868; baseline -0.008 -20"><span class='ocrx_word' id='word_1_386' title='bbox 1024 1816 1093 1848; x_wconf 83' lang='lat' dir='ltr'>fuit</span> <span class='ocrx_word' id='word_1_387' title='bbox 1117 1825 1193 1847; x_wconf 91' lang='lat' dir='ltr'><strong><em>cum</em></strong></span> <span class='ocrx_word' id='word_1_388' title='bbox 1217 1815 1346 1856; x_wconf 78' lang='grc' dir='ltr'><strong><em>μῦθον</em></strong></span> <span class='ocrx_word' id='word_1_389' title='bbox 1367 1812 1557 1847; x_wconf 84' lang='lat' dir='ltr'>ducendum</span> <span class='ocrx_word' id='word_1_390' title='bbox 1579 1822 1656 1844; x_wconf 84' lang='lat' dir='ltr'>esse</span> <span class='ocrx_word' id='word_1_391' title='bbox 1678 1809 1821 1868; x_wconf 85' lang='lat' dir='ltr'>suspica</span> 
     </span>
     <span class='ocr_line' id='line_1_68' title="bbox 1023 1856 1830 1902; baseline -0.004 -9"><span class='ocrx_word' id='word_1_392' title='bbox 1023 1872 1105 1901; x_wconf 84' lang='lat' dir='ltr'><strong><em>rer,</em></strong></span> <span class='ocrx_word' id='word_1_393' title='bbox 1147 1861 1237 1893; x_wconf 66' lang='lat' dir='ltr'>sicut</span> <span class='ocrx_word' id='word_1_394' title='bbox 1269 1857 1376 1895; x_wconf 86' lang='grc' dir='ltr'><strong><em>αἶνον</em></strong></span> <span class='ocrx_word' id='word_1_395' title='bbox 1409 1863 1444 1892; x_wconf 84' lang='lat' dir='ltr'><strong><em>et</em></strong></span> <span class='ocrx_word' id='word_1_396' title='bbox 1476 1857 1517 1893; x_wconf 86' lang='grc' dir='ltr'><strong><em>τὸ</em></strong></span> <span class='ocrx_word' id='word_1_397' title='bbox 1557 1856 1666 1892; x_wconf 82' lang='grc' dir='ltr'><strong><em>αἰνὸν</em></strong></span> <span class='ocrx_word' id='word_1_398' title='bbox 1701 1856 1743 1888; x_wconf 79' lang='lat' dir='ltr'><strong><em>ab</em></strong></span> <span class='ocrx_word' id='word_1_399' title='bbox 1779 1869 1830 1902; x_wconf 76' lang='grc' dir='ltr'><strong><em>αι,</em></strong></span> 
     </span>
     <span class='ocr_line' id='line_1_69' title="bbox 1023 1900 1830 1943; baseline -0.005 -4"><span class='ocrx_word' id='word_1_400' title='bbox 1023 1906 1146 1940; x_wconf 55' lang='lat' dir='ltr'>voss:</span> <span class='ocrx_word' id='word_1_401' title='bbox 1180 1905 1416 1939; x_wconf 80' lang='lat' dir='ltr'><strong>anschreiend.</strong></span> <span class='ocrx_word' id='word_1_402' title='bbox 1459 1900 1583 1939; x_wconf 85' lang='grc' dir='ltr'><strong><em>Ε.τὸ</em></strong></span> <span class='ocrx_word' id='word_1_403' title='bbox 1609 1901 1648 1937; x_wconf 85' lang='grc' dir='ltr'><strong><em>δε</em></strong></span> <span class='ocrx_word' id='word_1_404' title='bbox 1673 1900 1775 1943; x_wconf 79' lang='grc' dir='ltr'><strong><em>ἰνζε</em></strong></span> <span class='ocrx_word' id='word_1_405' title='bbox 1788 1908 1830 1937; x_wconf 68' lang='lat'><strong><em>111</em></strong></span> 
     </span>
     <span class='ocr_line' id='line_1_70' title="bbox 1023 1938 1830 1996; baseline -0.004 -9"><span class='ocrx_word' id='word_1_406' title='bbox 1023 1950 1129 1992; x_wconf 82' lang='grc' dir='ltr'><strong><em>εἶδός</em></strong></span> <span class='ocrx_word' id='word_1_407' title='bbox 1152 1949 1228 1986; x_wconf 78' lang='grc' dir='ltr'><strong><em>ἐστι</em></strong></span> <span class='ocrx_word' id='word_1_408' title='bbox 1253 1951 1432 1996; x_wconf 78' lang='grc' dir='ltr'><strong><em>συριγμοῦ</em></strong></span> <span class='ocrx_word' id='word_1_409' title='bbox 1457 1959 1524 1985; x_wconf 83' lang='lat' dir='ltr'><strong>etc.</strong></span> <span class='ocrx_word' id='word_1_410' title='bbox 1548 1969 1593 1974; x_wconf 89' lang='lat'>—</span> <span class='ocrx_word' id='word_1_411' title='bbox 1618 1938 1830 1991; x_wconf 58' lang='lat' dir='ltr'><strong><em>audace-³</em></strong></span> 
     </span>
     <span class='ocr_line' id='line_1_71' title="bbox 1023 1994 1821 2042; baseline -0.006 -8"><span class='ocrx_word' id='word_1_412' title='bbox 1023 2001 1119 2034; x_wconf 84' lang='grc' dir='ltr'><strong><em>θεν.</em></strong></span> <span class='ocrx_word' id='word_1_413' title='bbox 1144 1999 1252 2042; x_wconf 89' lang='grc'><strong><em>(501,</em></strong></span> <span class='ocrx_word' id='word_1_414' title='bbox 1276 1997 1319 2040; x_wconf 88' lang='grc' dir='ltr'><strong><em>κ’,</em></strong></span> <span class='ocrx_word' id='word_1_415' title='bbox 1339 1999 1426 2038; x_wconf 79' lang='grc'><strong><em>209,</em></strong></span> <span class='ocrx_word' id='word_1_416' title='bbox 1453 1997 1582 2041; x_wconf 77' lang='lat' dir='ltr'><strong>odyss.</strong></span> <span class='ocrx_word' id='word_1_417' title='bbox 1601 1994 1642 2038; x_wconf 74' lang='grc' dir='ltr'><strong><em>ζ,</em></strong></span> <span class='ocrx_word' id='word_1_418' title='bbox 1660 1995 1821 2030; x_wconf 62' lang='grc'><strong><em>218510</em></strong></span> 
     </span>
     <span class='ocr_line' id='line_1_72' title="bbox 1023 2023 1831 2086; baseline -0.004 -7"><span class='ocrx_word' id='word_1_419' title='bbox 1023 2046 1106 2079; x_wconf 88' lang='lat' dir='ltr'><strong>Sch.</strong></span> <span class='ocrx_word' id='word_1_420' title='bbox 1138 2044 1285 2078; x_wconf 82' lang='lat' dir='ltr'>inferius</span> <span class='ocrx_word' id='word_1_421' title='bbox 1317 2045 1361 2078; x_wconf 88' lang='lat' dir='ltr'><strong><em>ad</em></strong></span> <span class='ocrx_word' id='word_1_422' title='bbox 1385 2023 1474 2079; x_wconf 80' lang='lat'><em>561:</em></span> <span class='ocrx_word' id='word_1_423' title='bbox 1509 2041 1642 2086; x_wconf 82' lang='grc' dir='ltr'><strong><em>χωρὶς,</em></strong></span> <span class='ocrx_word' id='word_1_424' title='bbox 1671 2033 1831 2080; x_wconf 77' lang='grc' dir='ltr'><strong><em>ἄποθενι</em></strong></span> 
     </span>
     <span class='ocr_line' id='line_1_73' title="bbox 1023 2087 1830 2143; baseline -0.004 -17"><span class='ocrx_word' id='word_1_425' title='bbox 1023 2093 1106 2137; x_wconf 56' lang='lat' dir='ltr'><strong><em>Apa</em></strong></span> <span class='ocrx_word' id='word_1_426' title='bbox 1134 2090 1336 2134; x_wconf 83' lang='grc' dir='ltr'><strong><em>μακρόθεν</em></strong></span> <span class='ocrx_word' id='word_1_427' title='bbox 1371 2094 1408 2124; x_wconf 82' lang='lat' dir='ltr'><strong><em>et</em></strong></span> <span class='ocrx_word' id='word_1_428' title='bbox 1424 2089 1532 2123; x_wconf 82' lang='lat' dir='ltr'>altero</span> <span class='ocrx_word' id='word_1_429' title='bbox 1553 2089 1648 2122; x_wconf 85' lang='lat' dir='ltr'>loco:</span> <span class='ocrx_word' id='word_1_430' title='bbox 1669 2087 1830 2143; x_wconf 71' lang='grc' dir='ltr'><strong><em>χωρὶςκι</em></strong></span> 
     </span>
     <span class='ocr_line' id='line_1_74' title="bbox 1021 2132 1831 2222; baseline -0.002 -4"><span class='ocrx_word' id='word_1_431' title='bbox 1021 2133 1525 2218; x_wconf 30' lang='grc' dir='ltr'><strong><em>ἕιῖῗρῗιῗοῦἔξωῗὲἕψ</em></strong></span> <span class='ocrx_word' id='word_1_432' title='bbox 1472 2186 1507 2215; x_wconf 76' lang='lat' dir='ltr'><strong><em>et</em></strong></span> <span class='ocrx_word' id='word_1_433' title='bbox 1533 2192 1553 2215; x_wconf 68' lang='lat' dir='ltr'>a</span> <span class='ocrx_word' id='word_1_434' title='bbox 1550 2132 1831 2222; x_wconf 44' lang='lat'><em>’,4257’93’58763</em></span> 
     </span>
     <span class='ocr_line' id='line_1_75' title="bbox 1022 2227 1832 2282; baseline -0.004 -19"><span class='ocrx_word' id='word_1_435' title='bbox 1022 2230 1065 2263; x_wconf 88' lang='lat' dir='ltr'><strong><em>ad</em></strong></span> <span class='ocrx_word' id='word_1_436' title='bbox 1093 2230 1178 2262; x_wconf 89' lang='lat' dir='ltr'>haec</span> <span class='ocrx_word' id='word_1_437' title='bbox 1203 2228 1363 2262; x_wconf 76' lang='lat' dir='ltr'>contendi</span> <span class='ocrx_word' id='word_1_438' title='bbox 1393 2227 1502 2282; x_wconf 82' lang='lat' dir='ltr'>jussit</span> <span class='ocrx_word' id='word_1_439' title='bbox 1521 2227 1568 2262; x_wconf 88' lang='lat' dir='ltr'><strong>H.</strong></span> <span class='ocrx_word' id='word_1_440' title='bbox 1599 2244 1645 2251; x_wconf 85' lang='lat'><em>-</em></span> <span class='ocrx_word' id='word_1_441' title='bbox 1676 2227 1832 2261; x_wconf 59' lang='grc' dir='ltr'><strong><em>κυδω-Ι</em></strong></span> 
     </span>
     <span class='ocr_line' id='line_1_76' title="bbox 1021 2268 1831 2328; baseline -0.005 -18"><span class='ocrx_word' id='word_1_442' title='bbox 1021 2276 1199 2331; x_wconf 80' lang='grc' dir='ltr'><strong><em>λίμοιο.</em></strong></span> <span class='ocrx_word' id='word_1_443' title='bbox 1224 2273 1268 2317; x_wconf 83' lang='grc' dir='ltr'><strong><em>δ’,</em></strong></span> <span class='ocrx_word' id='word_1_444' title='bbox 1292 2268 1735 2328; x_wconf 68' lang='grc' dir='ltr'><strong><em>1008ῑο)αγιέσσατο.</em></strong></span> <span class='ocrx_word' id='word_1_445' title='bbox 1761 2271 1831 2317; x_wconf 82' lang='grc' dir='ltr'><strong><em>(η’,</em></strong></span> 
     </span>
     <span class='ocr_line' id='line_1_77' title="bbox 1020 2317 1830 2375; baseline -0.006 -18"><span class='ocrx_word' id='word_1_446' title='bbox 1020 2323 1079 2363; x_wconf 87' lang='grc'><strong><em>41,</em></strong></span> <span class='ocrx_word' id='word_1_447' title='bbox 1100 2319 1152 2366; x_wconf 84' lang='grc' dir='ltr'><strong><em>ψ’,</em></strong></span> <span class='ocrx_word' id='word_1_448' title='bbox 1177 2322 1257 2362; x_wconf 82' lang='grc'><strong><em>639,</em></strong></span> <span class='ocrx_word' id='word_1_449' title='bbox 1282 2321 1409 2365; x_wconf 80' lang='lat' dir='ltr'><strong>Odyss.</strong></span> <span class='ocrx_word' id='word_1_450' title='bbox 1433 2317 1476 2360; x_wconf 90' lang='lat'><strong><em>6,</em></strong></span> <span class='ocrx_word' id='word_1_451' title='bbox 1481 2320 1598 2375; x_wconf 93' lang='grc'><strong>18.1)</strong></span> <span class='ocrx_word' id='word_1_452' title='bbox 1623 2317 1830 2363; x_wconf 80' lang='grc' dir='ltr'><strong><em>ἐφθόνησε.ι</em></strong></span> 
     </span>
     <span class='ocr_line' id='line_1_78' title="bbox 1018 2362 1830 2411; baseline -0.002 -9"><span class='ocrx_word' id='word_1_453' title='bbox 1018 2380 1085 2402; x_wconf 88' lang='lat' dir='ltr'><strong><em>non</em></strong></span> <span class='ocrx_word' id='word_1_454' title='bbox 1118 2365 1350 2411; x_wconf 78' lang='grc' dir='ltr'><strong><em>ἐθαύμασεν,</em></strong></span> <span class='ocrx_word' id='word_1_455' title='bbox 1386 2370 1426 2400; x_wconf 78' lang='lat' dir='ltr'><strong><em>ut</em></strong></span> <span class='ocrx_word' id='word_1_456' title='bbox 1456 2362 1510 2411; x_wconf 86' lang='grc' dir='ltr'><strong><em>η’,</em></strong></span> <span class='ocrx_word' id='word_1_457' title='bbox 1535 2364 1614 2400; x_wconf 85' lang='lat'><strong>404.</strong></span> <span class='ocrx_word' id='word_1_458' title='bbox 1660 2371 1697 2400; x_wconf 84' lang='lat' dir='ltr'><strong><em>et</em></strong></span> <span class='ocrx_word' id='word_1_459' title='bbox 1719 2373 1830 2411; x_wconf 76' lang='lat' dir='ltr'>saepe:</span> 
     </span>
     <span class='ocr_line' id='line_1_79' title="bbox 1019 2410 1823 2470; baseline -0.005 -22"><span class='ocrx_word' id='word_1_460' title='bbox 1019 2414 1115 2448; x_wconf 79' lang='lat' dir='ltr'>alias.</span> <span class='ocrx_word' id='word_1_461' title='bbox 1237 2412 1461 2470; x_wconf 60' lang='lat' dir='ltr'><strong><em>ssnfflqosv5</em></strong></span> <span class='ocrx_word' id='word_1_462' title='bbox 1507 2410 1554 2452; x_wconf 85' lang='grc' dir='ltr'><strong><em>ε’,</em></strong></span> <span class='ocrx_word' id='word_1_463' title='bbox 1591 2412 1658 2447; x_wconf 85' lang='grc'><strong><em>765</em></strong></span> <span class='ocrx_word' id='word_1_464' title='bbox 1689 2417 1756 2445; x_wconf 85' lang='lat' dir='ltr'><strong>etc.</strong></span> <span class='ocrx_word' id='word_1_465' title='bbox 1782 2431 1823 2437; x_wconf 94' lang='lat'>—</span> 
     </span>
     <span class='ocr_line' id='line_1_80' title="bbox 1017 2455 1831 2507; baseline -0.001 -13"><span class='ocrx_word' id='word_1_466' title='bbox 1017 2461 1134 2507; x_wconf 78' lang='grc' dir='ltr'><strong><em>θοῷ.</em></strong></span> <span class='ocrx_word' id='word_1_467' title='bbox 1167 2457 1213 2505; x_wconf 88' lang='grc' dir='ltr'><strong><em>β’,</em></strong></span> <span class='ocrx_word' id='word_1_468' title='bbox 1239 2460 1319 2495; x_wconf 74' lang='lat'><strong>542.</strong></span> <span class='ocrx_word' id='word_1_469' title='bbox 1355 2477 1402 2483; x_wconf 91' lang='lat'><strong>—</strong></span> <span class='ocrx_word' id='word_1_470' title='bbox 1437 2457 1501 2493; x_wconf 83' lang='grc' dir='ltr'><strong>ἀτ.</strong></span> <span class='ocrx_word' id='word_1_471' title='bbox 1519 2455 1657 2502; x_wconf 77' lang='grc' dir='ltr'><strong>Ἀρηὶ.</strong></span> <span class='ocrx_word' id='word_1_472' title='bbox 1689 2457 1735 2503; x_wconf 89' lang='grc' dir='ltr'><strong><em>β’,</em></strong></span> <span class='ocrx_word' id='word_1_473' title='bbox 1757 2458 1831 2494; x_wconf 76' lang='grc'><strong><em>627</em></strong></span> 
     </span>
     <span class='ocr_line' id='line_1_81' title="bbox 1018 2485 1830 2548; baseline -0.004 -8"><span class='ocrx_word' id='word_1_474' title='bbox 1018 2510 1085 2540; x_wconf 76' lang='lat' dir='ltr'><strong>etc.</strong></span> <span class='ocrx_word' id='word_1_475' title='bbox 1112 2524 1154 2532; x_wconf 90' lang='lat'>—</span> <span class='ocrx_word' id='word_1_476' title='bbox 1189 2485 1329 2539; x_wconf 46' lang='lat' dir='ltr'>lilentae</span> <span class='ocrx_word' id='word_1_477' title='bbox 1362 2504 1463 2548; x_wconf 83' lang='lat' dir='ltr'>hujus</span> <span class='ocrx_word' id='word_1_478' title='bbox 1486 2515 1553 2538; x_wconf 88' lang='lat' dir='ltr'><strong><em>non</em></strong></span> <span class='ocrx_word' id='word_1_479' title='bbox 1578 2504 1619 2538; x_wconf 85' lang='lat' dir='ltr'><strong><em>fit</em></strong></span> <span class='ocrx_word' id='word_1_480' title='bbox 1641 2504 1766 2538; x_wconf 78' lang='lat' dir='ltr'><strong>mentio</strong></span> <span class='ocrx_word' id='word_1_481' title='bbox 1790 2503 1830 2537; x_wconf 87' lang='lat' dir='ltr'><strong><em>iu</em></strong></span> 
     </span>
     <span class='ocr_line' id='line_1_82' title="bbox 1017 2549 1838 2598; baseline -0.002 -12"><span class='ocrx_word' id='word_1_482' title='bbox 1017 2552 1207 2595; x_wconf 79' lang='lat' dir='ltr'>Catalogo‚</span> <span class='ocrx_word' id='word_1_483' title='bbox 1237 2551 1282 2598; x_wconf 89' lang='grc' dir='ltr'><strong><em>β,</em></strong></span> <span class='ocrx_word' id='word_1_484' title='bbox 1302 2549 1392 2592; x_wconf 84' lang='lat'><em>846,</em></span> <span class='ocrx_word' id='word_1_485' title='bbox 1421 2562 1484 2584; x_wconf 81' lang='lat' dir='ltr'><strong><em>nec</em></strong></span> <span class='ocrx_word' id='word_1_486' title='bbox 1506 2550 1594 2584; x_wconf 85' lang='lat' dir='ltr'>idem</span> <span class='ocrx_word' id='word_1_487' title='bbox 1621 2555 1676 2584; x_wconf 79' lang='lat' dir='ltr'><strong><em>est</em></strong></span> <span class='ocrx_word' id='word_1_488' title='bbox 1697 2560 1838 2595; x_wconf 80' lang='lat' dir='ltr'>cogno-1</span> 
     </span>
     <span class='ocr_line' id='line_1_83' title="bbox 1017 2595 1830 2641; baseline -0.002 -9"><span class='ocrx_word' id='word_1_489' title='bbox 1017 2598 1116 2632; x_wconf 77' lang='lat' dir='ltr'>minis</span> <span class='ocrx_word' id='word_1_490' title='bbox 1141 2598 1175 2631; x_wconf 84' lang='grc' dir='ltr'><strong><em>ἱιι</em></strong></span> <span class='ocrx_word' id='word_1_491' title='bbox 1200 2597 1359 2641; x_wconf 81' lang='lat' dir='ltr'>Odyssea</span> <span class='ocrx_word' id='word_1_492' title='bbox 1389 2595 1444 2638; x_wconf 86' lang='grc' dir='ltr'><strong><em>α’,</em></strong></span> <span class='ocrx_word' id='word_1_493' title='bbox 1481 2598 1557 2632; x_wconf 89' lang='grc'><strong>105.</strong></span> <span class='ocrx_word' id='word_1_494' title='bbox 1583 2599 1619 2630; x_wconf 81' lang='lat' dir='ltr'><strong><em>et</em></strong></span> <span class='ocrx_word' id='word_1_495' title='bbox 1643 2597 1730 2637; x_wconf 88' lang='lat'><strong><em>180,</em></strong></span> <span class='ocrx_word' id='word_1_496' title='bbox 1762 2595 1830 2630; x_wconf 79' lang='lat' dir='ltr'><strong>sed.</strong></span> 
     </span>
     <span class='ocr_line' id='line_1_84' title="bbox 1017 2642 1590 2700; baseline -0.005 -22"><span class='ocrx_word' id='word_1_497' title='bbox 1017 2644 1233 2700; x_wconf 80' lang='lat' dir='ltr'>&#39;laphiorum</span> <span class='ocrx_word' id='word_1_498' title='bbox 1256 2654 1329 2676; x_wconf 83' lang='lat' dir='ltr'><strong>rex.</strong></span> <span class='ocrx_word' id='word_1_499' title='bbox 1362 2643 1394 2676; x_wconf 88' lang='grc' dir='ltr'>Ε</span> <span class='ocrx_word' id='word_1_500' title='bbox 1413 2642 1528 2675; x_wconf 88' lang='lat' dir='ltr'><strong>Schol.</strong></span> <span class='ocrx_word' id='word_1_501' title='bbox 1552 2644 1590 2676; x_wconf 92' lang='lat' dir='ltr'><strong><em>A.</em></strong></span> 
     </span>
    </p>

    <p class='ocr_par' dir='ltr' id='par_1_21' title="bbox 1018 2684 1839 2872">
     <span class='ocr_line' id='line_1_85' title="bbox 1063 2684 1829 2733; baseline -0.003 -9"><span class='ocrx_word' id='word_1_502' title='bbox 1063 2691 1121 2725; x_wconf 88' lang='grc'><strong><em>75.</em></strong></span> <span class='ocrx_word' id='word_1_503' title='bbox 1160 2687 1371 2733; x_wconf 84' lang='grc' dir='ltr'><strong><em>ακίχητα.</em></strong></span> <span class='ocrx_word' id='word_1_504' title='bbox 1399 2691 1464 2732; x_wconf 86' lang='lat' dir='ltr'><strong><em>Ap.</em></strong></span> <span class='ocrx_word' id='word_1_505' title='bbox 1484 2692 1520 2721; x_wconf 82' lang='lat' dir='ltr'><strong><em>et</em></strong></span> <span class='ocrx_word' id='word_1_506' title='bbox 1536 2687 1707 2732; x_wconf 85' lang='lat' dir='ltr'><strong>Hesych.·</strong></span> <span class='ocrx_word' id='word_1_507' title='bbox 1733 2684 1829 2722; x_wconf 53' lang='lat' dir='ltr'><strong><em>‹ium-¹</em></strong></span> 
     </span>
     <span class='ocr_line' id='line_1_86' title="bbox 1018 2733 1824 2780; baseline -0.006 -9"><span class='ocrx_word' id='word_1_508' title='bbox 1018 2734 1195 2780; x_wconf 81' lang='grc' dir='ltr'><strong><em>τάληπτα.</em></strong></span> <span class='ocrx_word' id='word_1_509' title='bbox 1221 2748 1242 2769; x_wconf 88' lang='lat' dir='ltr'>a</span> <span class='ocrx_word' id='word_1_510' title='bbox 1261 2734 1379 2779; x_wconf 82' lang='grc' dir='ltr'><strong><em>κιχέω,</em></strong></span> <span class='ocrx_word' id='word_1_511' title='bbox 1395 2746 1545 2778; x_wconf 82' lang='grc' dir='ltr'><strong><em>κιχανω.</em></strong></span> <span class='ocrx_word' id='word_1_512' title='bbox 1566 2734 1749 2778; x_wconf 79' lang='lat' dir='ltr'><strong><em>fugientia</em></strong></span> <span class='ocrx_word' id='word_1_513' title='bbox 1771 2733 1824 2767; x_wconf 88' lang='lat' dir='ltr'><strong><em>di-</em></strong></span> 
     </span>
     <span class='ocr_line' id='line_1_87' title="bbox 1018 2781 1839 2824; baseline -0.004 -9"><span class='ocrx_word' id='word_1_514' title='bbox 1018 2782 1130 2824; x_wconf 76' lang='lat' dir='ltr'><strong><em>xeris,</em></strong></span> <span class='ocrx_word' id='word_1_515' title='bbox 1155 2787 1192 2815; x_wconf 89' lang='lat' dir='ltr'><strong><em>ut</em></strong></span> <span class='ocrx_word' id='word_1_516' title='bbox 1215 2782 1359 2815; x_wconf 82' lang='lat' dir='ltr'>Flaccus</span> <span class='ocrx_word' id='word_1_517' title='bbox 1378 2781 1454 2815; x_wconf 80' lang='lat' dir='ltr'><strong>Sat.</strong></span> <span class='ocrx_word' id='word_1_518' title='bbox 1479 2782 1512 2821; x_wconf 89' lang='lat'><strong><em>1,</em></strong></span> <span class='ocrx_word' id='word_1_519' title='bbox 1536 2781 1569 2822; x_wconf 72' lang='lat'><strong><em>2,</em></strong></span> <span class='ocrx_word' id='word_1_520' title='bbox 1596 2782 1683 2815; x_wconf 87' lang='lat'><strong>108.</strong></span> <span class='ocrx_word' id='word_1_521' title='bbox 1707 2786 1839 2814; x_wconf 57' lang='grc' dir='ltr'><strong><em>ἐΐσης-ι</em></strong></span> 
     </span>
     <span class='ocr_line' id='line_1_88' title="bbox 1018 2827 1839 2872; baseline -0.001 -11"><span class='ocrx_word' id='word_1_522' title='bbox 1018 2830 1115 2862; x_wconf 77' lang='lat' dir='ltr'><em>volat</em></span> <span class='ocrx_word' id='word_1_523' title='bbox 1138 2829 1174 2862; x_wconf 79' lang='lat' dir='ltr'><strong><em>in</em></strong></span> <span class='ocrx_word' id='word_1_524' title='bbox 1198 2829 1308 2862; x_wconf 78' lang='lat' dir='ltr'><strong><em>medio</em></strong></span> <span class='ocrx_word' id='word_1_525' title='bbox 1329 2828 1467 2872; x_wconf 78' lang='lat' dir='ltr'><strong><em>posita,</em></strong></span> <span class='ocrx_word' id='word_1_526' title='bbox 1509 2832 1541 2860; x_wconf 78' lang='lat' dir='ltr'><strong><em>et</em></strong></span> <span class='ocrx_word' id='word_1_527' title='bbox 1558 2827 1740 2872; x_wconf 73' lang='lat' dir='ltr'><strong><em>fugientia</em></strong></span> <span class='ocrx_word' id='word_1_528' title='bbox 1763 2837 1839 2860; x_wconf 70' lang='lat' dir='ltr'><strong><em>ccl-1·</em></strong></span> 
     </span>
    </p>

    <p class='ocr_par' dir='ltr' id='par_1_22' title="bbox 1044 2880 1111 2909">
     <span class='ocr_line' id='line_1_89' title="bbox 1044 2880 1111 2909; baseline -0.015 -1"><span class='ocrx_word' id='word_1_529' title='bbox 1044 2880 1111 2909; x_wconf 81' lang='lat' dir='ltr'><strong>tat.</strong></span> 
     </span>
    </p>

    <p class='ocr_par' dir='ltr' id='par_1_23' title="bbox 1017 2886 1824 3010">
     <span class='ocr_line' id='line_1_90' title="bbox 1017 2886 1550 2960; baseline -0.002 -5"><span class='ocrx_word' id='word_1_530' title='bbox 1017 2886 1041 2920; x_wconf 68' lang='lat' dir='ltr'><em>p</em></span> <span class='ocrx_word' id='word_1_531' title='bbox 1065 2919 1228 2955; x_wconf 84' lang='lat'><em>76—78.</em></span> <span class='ocrx_word' id='word_1_532' title='bbox 1266 2917 1311 2960; x_wconf 84' lang='grc' dir='ltr'><strong><em>κ’,</em></strong></span> <span class='ocrx_word' id='word_1_533' title='bbox 1335 2916 1550 2954; x_wconf 77' lang='grc'><strong>402-404.</strong></span> 
     </span>
     <span class='ocr_line' id='line_1_91' title="bbox 1068 2962 1824 3010; baseline -0.004 -9"><span class='ocrx_word' id='word_1_534' title='bbox 1068 2968 1132 3008; x_wconf 92' lang='grc'><strong><em>80,</em></strong></span> <span class='ocrx_word' id='word_1_535' title='bbox 1157 2967 1216 3001; x_wconf 84' lang='grc'><strong><em>81.</em></strong></span> <span class='ocrx_word' id='word_1_536' title='bbox 1249 2964 1463 3010; x_wconf 77' lang='grc' dir='ltr'><strong><em>περιβάς.</em></strong></span> <span class='ocrx_word' id='word_1_537' title='bbox 1487 2965 1521 3001; x_wconf 88' lang='lat'><strong>4.</strong></span> <span class='ocrx_word' id='word_1_538' title='bbox 1540 2983 1584 2989; x_wconf 92' lang='lat'><strong><em>——</em></strong></span> <span class='ocrx_word' id='word_1_539' title='bbox 1607 2962 1824 3009; x_wconf 80' lang='grc' dir='ltr'><strong><em>ἔπεφνεν.</em></strong></span> 
     </span>
    </p>
   </div>
  </div>
 </body>
</html>
