1862 3277
235 537 472 608 δούπησεν
487 537 533 580 δὲ
562 536 732 590 πεσών,

229 650 381 706 ἔγχεος.

99 1193 313 1231 436—444.
346 1192 449 1231 οὔτ’
474 1193 731 1230 ἀλέασθαι.
766 1195 865 1238 (513,

54 1238 101 1285 ν’,
125 1242 194 1276 302
212 1243 299 1285 etc.)
337 1240 424 1277 οὔτε
457 1241 630 1277 ἐκκλῖναι.
655 1242 736 1275 Sch.
782 1242 866 1274 alie-

53 1299 133 1322 num
157 1291 230 1328 est,
265 1288 357 1333 quod
381 1288 433 1322 his
457 1289 648 1344 subjectum
679 1287 806 1332 legitur
830 1287 865 1321 in

55 1333 173 1374 libris,
196 1334 257 1369 καὶ
278 1338 419 1378 φυγεῖν.
442 1335 492 1369 E:
520 1354 561 1360 -
597 1332 863 1376 ἀλέασθαι,

54 1381 112 1436 τῇ
128 1380 181 1420 εἰς
207 1379 368 1437 πλάγιόν
397 1395 432 1416 τι
462 1380 604 1426 δηλαδή
633 1379 794 1416 ἐκκλίσει.
819 1400 865 1405 —-

54 1427 175 1462 ανον
199 1423 354 1462 αὕσεν.
379 1427 460 1464 409.
494 1447 540 1452 -
571 1426 712 1484 ἐρεικ.
748 1424 864 1470 σχιζό-

51 1485 184 1519 μενος,
219 1472 531 1518 διακοπτόμενος,
571 1470 590 1510 ὁ
623 1472 746 1519 χιτών.
779 1474 862 1506 Sch.

54 1519 159 1554 semel
183 1519 282 1555 dixit.
330 1519 414 1564 ,,ε’ρ.
438 1521 519 1566 περὶ
546 1521 678 1563 δουρὶ,
721 1524 760 1554 ut
781 1519 863 1562 περὶ

54 1565 163 1610 δουρὶ
195 1546 353 1611 ἤσπαιρε
379 1569 458 1602 570.
489 1572 524 1602 et
554 1568 690 1601 similia.
738 1566 864 1599 Hesio-

53 1613 117 1646 dus
148 1612 243 1648 Scut.
271 1614 316 1647 H.
355 1614 459 1648 286.-
517 1613 552 1649 οἳ
595 1613 632 1648 δ’
685 1611 864 1657 ἀροτῆρες

43 1655 217 1714 Ἠρεικον
250 1658 374 1703 χθόνα
406 1661 504 1718 δῖαν.
549 1660 661 1705 Apoll.
684 1659 797 1693 Rhod.
827 1661 862 1700 3,

54 1707 174 1741 1331.·
197 1701 392 1748 ὀκριόεσσα
411 1704 444 1741 δ’
464 1705 621 1747 ἐρείκετο
644 1705 741 1747 νειὸς
760 1705 862 1741 ὀπίσ

53 1763 135 1808 σω,
149 1751 350 1798 Σχιζομένη
375 1751 523 1796 ταύρων
547 1766 586 1789 τε
587 1754 674 1810 βιῃ
699 1753 863 1809 κρατερῶ

51 1796 89 1834 τ’
114 1795 310 1842 ἀροτῆρι.“
356 1800 471 1832 ExH
431 1801 477 1833 H.
504 1819 547 1825 —-
581 1798 605 1845 ἤ
629 1799 750 1843 ῥα-
757 1796 863 1843 ’Ἐγ-

52 1856 167 1890 χεος.
208 1845 275 1878 vim
311 1846 424 1879 cordis
455 1850 583 1880 tantam
617 1846 723 1879 fuisse
765 1845 862 1886 dicit,

53 1896 93 1925 ut
116 1890 342 1936 palpitatione
360 1903 421 1925 sua
443 1893 576 1925 hastam
592 1892 732 1925 infixam
751 1903 861 1936 usque

53 1937 98 1971 ad
130 1941 264 1981 partem
294 1939 367 1981 ejus
400 1938 570 1979 infimam,
625 1937 693 1972 τὸν
719 1949 863 1981 σαυρω-

50 1984 169 2028 τῆρα,
193 1984 447 2018 tremefaceret.
496 1983 586 2029 quod
611 1984 691 2029 quia
716 1997 783 2018 non
807 1983 861 2017 vi-

53 2030 156 2064 detur
174 2040 278 2073 posse
297 2030 397 2072 fieri,
422 2031 661 2064 insimularunt
686 2031 770 2064 haec
793 2029 860 2063 viri

53 2075 165 2117 docti,
200 2076 256 2109 vel
291 2080 476 2110 mutarunt.
523 2076 585 2110 sed
617 2081 740 2110 neutro
774 2087 860 2121 opus

53 2126 129 2163 est,
152 2121 225 2156 sive
242 2122 277 2155 id
300 2123 494 2156 miraculum
518 2123 660 2157 finxerit
677 2124 860 2163 Homerus,

53 2167 129 2201 sive
151 2168 242 2202 fama
263 2169 375 2202 veteri
400 2169 584 2214 acceperit.
641 2174 756 2203 amant
774 2168 859 2202 mira

53 2216 197 2259 poetae,
228 2219 351 2259 estque
373 2214 416 2249 iis
443 2221 478 2249 et
505 2215 717 2260 pictoribuS,
749 2221 788 2248 ut
812 2215 861 2248 ait

53 2259 218 2302 Flaccus,
243 2265 397 2306 potestas
422 2262 593 2306 quidlibet
617 2241 776 2296 audeiidi.
810 2260 860 2294 ei-

53 2305 149 2349 dem,
182 2307 215 2340 h.
242 2319 271 2340 e.
300 2307 411 2351 judici
436 2308 648 2353 peridoneo,
685 2308 714 2341 si
748 2307 860 2340 credi-

53 2363 128 2386 mus
155 2352 248 2396 (Art.
273 2365 306 2398 p.
326 2354 447 2397 359),
486 2354 650 2388 dormitat
677 2353 859 2407 aliquando

53 2398 161 2432 bonus
181 2399 370 2433 Homerus·
394 2411 513 2434 verum
538 2401 634 2443 operi
657 2401 782 2445 longo,
808 2399 860 2432 in-

52 2443 148 2487 quit,
177 2448 241 2488 fas
271 2450 324 2478 cst
354 2447 512 2489 obrepere
535 2458 699 2480 somnum.
759 2457 858 2479 acce-

53 2488 105 2523 dit
145 2492 236 2535 quod
276 2491 448 2536 vertigine
499 2493 652 2537 correpti
696 2492 859 2537 captique

52 2537 210 2570 membris
228 2537 402 2579 Alcathoi,
429 2539 478 2573 ita
497 2545 535 2572 ut
558 2545 696 2573 statuae
719 2539 773 2571 vel
800 2550 858 2571 ar-

52 2581 146 2615 boris
163 2583 272 2616 instar
297 2583 470 2625 adstaret,
497 2585 550 2618 vis
571 2585 678 2619 omnis
698 2595 859 2629 repressa

35 2633 158 2672 ‘atque
181 2629 365 2663 interclusa
387 2631 501 2674 colligi
527 2631 561 2664 in
591 2631 694 2665 corde
719 2630 859 2674 augeri-

17 2710 21 2715 ,
52 2683 120 2718 que
142 2675 240 2709 modo
264 2675 402 2710 insolito
428 2677 623 2711 v.idebatur

682 2683 760 2711 utut
794 2681 861 2717 est,

53 2729 118 2753 nou
140 2720 310 2754 intendam
343 2733 408 2767 ego
434 2723 527 2757 litem
553 2724 700 2757 Homero
726 2724 770 2757 de
795 2701 861 2756 hog

56 2762 146 2806 loco,
170 2779 232 2801 nec
255 2767 377 2802 similia
402 2769 456 2803 hic
480 2769 618 2814 requiro
643 2769 733 2811 illis,
765 2781 859 2825 quae

56 2809 99 2844 de
122 2791 228 2847 h’astis
252 2814 326 2848 solo
350 2815 490 2856 infixis,
526 2821 696 2849 tremente
728 2812 858 2857 οὐριά-

55 2867 127 2900 χῳ,
158 2858 317 2915 leguntur
341 2861 393 2904 π’,
427 2841 506 2897 611.
541 2867 577 2896 et
605 2860 648 2906 ρ’,
672 2863 740 2897 527
760 2873 858 2919 seqq.

57 2921 101 2927 ——
125 2903 224 2938 Sch.·
251 2886 569 2950 ἀσπαίρουσα.
601 2907 664 2952 (γ’,
689 2909 778 2950 293,
810 2910 856 2952 κ’,

55 2948 121 2984 521
146 2951 231 2995 etc.)
272 2953 490 3001 κινουμένη,
523 2953 857 2991 minwed-013-

624 90 1054 131 ΙΛΙΑΛΟΣ
1119 92 1179 134 Ν

1643 97 1727 138 183

232 198 335 244 οὔτε
363 197 446 269 γὰρ
480 197 665 250 ἐξοπίσω
697 196 877 267 φυγέειν
907 197 1078 250 δύνατ’,
1111 196 1209 241 οὔτ’
1242 197 1478 255 ἀλέασθαι,

235 255 333 299 ἀλλ’
336 289 345 306 ,
388 255 498 298 ω’στε
529 253 689 310 στήλην
718 253 747 310 ἢ
777 255 987 307 δένδρεον
1015 254 1306 323 ὑψιπέτηλον,

234 311 421 382 ἀτρέμας
452 311 636 355 ἑσταότα
669 315 834 365 στῆθος
863 311 1023 382 μέσον
1030 310 1189 355 οὔτασε
1221 313 1351 379 δουρὶ

231 368 350 424 ἥρως
376 366 640 423 Ἰδομενεύς,
688 369 816 436 ῥῆξεν
847 368 893 410 δέ
925 370 969 411 οἱ
998 365 1125 437 ἀμφι
1140 371 1310 438 χιτῶνα

118 425 201 469 440
231 425 436 496 χάλκεον,
477 424 528 475 ὅς
559 426 603 481 οἵ
631 423 855 494 προσθεν
860 422 944 467 ἀπὸ
981 425 1110 479 χροός
1139 425 1262 479 ἤρκει
1294 423 1496 480 ὄλεθρον.

231 481 286 537 δη
320 481 416 524 τότε
450 479 495 536 γ’
528 482 642 524 αὐον
674 480 810 523 ἄϋσεν
838 479 1116 550 ἐρεικόμενος
1145 482 1244 534 περὶ
1275 482 1429 535 δουρὶ,

776 535 889 591 δόρυ
920 536 964 580 δ’
995 537 1042 580 ἐν
1070 540 1230 607 κραδίῃ
1263 538 1482 594 ἐπεπήγει,

228 593 258 666 η’
288 595 344 649 ῥά
373 596 418 637 οἱ
445 592 729 666 ἀσπαίρουσα
759 594 834 636 καὶ
837 592 1075 666 οὐρίαχον
1104 594 1325 663 πελέμιζεν

442 650 551 693 ἔνθα
582 648 624 693 δ’
657 648 789 693 έ”πειτ
823 648 944 704 ἀφίει
974 650 1107 705 μένος
1137 650 1320 706 ὄβριμος
1352 650 1477 706 α’ρης·

117 708 200 752 445
229 706 472 764 Ἰδομενεὺς
504 705 548 751 δ’
582 707 798 761 ἔκπαγλον
827 707 1064 759 ἐπεύξατο,
1095 724 1270 763 μακρον
1301 707 1459 759 ἀϋσας’

559 790 630 820 tum
655 787 871 832 Deiphobum
895 799 981 832 prov
985 792 1077 821 ocat.

285 852 527 925 ,,Δηῖφοβ’
538 889 549 906 ,
592 849 620 910 ἦ
649 853 736 909 ἄρα
768 853 822 911 δή
851 872 892 898 τι
921 855 1124 910 ἐίσκομεν
1156 852 1297 924 ἀξιον,
1312 851 1445 903 εἶναι,

228 917 356 982 τρεῖς
373 912 470 963 ένός
499 911 595 954 ἀντὶ
628 911 881 983 πεφάσθαι,
924 911 1017 955 ἐπει
1051 911 1106 955 σύ
1136 928 1217 966 περ
1247 910 1390 982 εὔχεαι
1422 909 1577 962 αὕτως

225 967 442 1040 δαιμόνι’,
482 967 592 1011 ἀλλὰ
620 969 695 1011 καὶ
728 967 863 1019 αὐτὸς
892 969 1097 1012 ἐναντίον
1127 967 1272 1012 ι’στασ’
1302 969 1446 1024 ἐμεῖο,

223 1042 347 1080 οφρα
377 1027 474 1082 ἴδῃ,
506 1022 600 1075 οἷος
631 1025 776 1081 Ζηνος
804 1027 936 1081 γόνος
966 1024 1125 1069 ἐνθάδ’
1156 1025 1319 1078 ἱκάνω,

110 1084 194 1127 450
225 1082 274 1134 ὃς
303 1087 481 1138 πρῶτον
510 1084 675 1125 Μίνωα
705 1082 821 1135 τέκε,
858 1081 1011 1139 Κρήτῃ
1043 1082 1280 1138 ἐπίουρον,

913 1197 1097 1240 ρίαχον.
1128 1193 1195 1231 τόν
1213 1195 1436 1249 σαυρωτῆρα
1453 1191 1516 1238 (κ’,
1538 1195 1642 1251 153.)
1653 1194 1723 1230 τοῦ

912 1241 1091 1286 δόρατος,
1126 1241 1294 1277 τουτέστι
1328 1242 1370 1276 τὰ
1407 1238 1567 1275 ὄπισθεν
1598 1239 1721 1286 μέρος,

913 1287 934 1325 ὃ
966 1290 1027 1325 καὶ
1070 1288 1237 1334 γρόσφον
1274 1287 1335 1322 καὶ
1371 1285 1585 1332 στόρθυχγοὲ
1619 1299 1722 1331 φασι.

910 1339 1021 1371 πελε
1017 1335 1180 1379 ’.μιξεν
1207 1335 1395 1379 (scriptura
1421 1340 1531 1367 zetus.
1568 1334 1628 1367 sed
1651 1335 1722 1368 Ve-

910 1388 999 1418 neta
1023 1382 1229 1426 πελέμιζεν,
1253 1381 1436 1414 secundum
1459 1380 1722 1423 Aristophanem

911 1434 945 1463 et
970 1429 1215 1462 Aristarchum.
1244 1432 1393 1461 ceterum
1425 1426 1468 1459 cf.
1496 1425 1540 1468 δ’,
1565 1428 1644 1470 535,
1669 1426 1721 1468 θ’,

910 1474 978 1509 442
1003 1477 1089 1519 etc)
1116 1474 1289 1529 ἐδόνησε,
1316 1472 1500 1507 διέσεισεν.
1548 1472 1722 1508 ἔνθα-

911 1519 1038 1566 ἅρης.
1084 1520 1181 1556 καθ
1219 1515 1242 1554 ὁ
1269 1518 1379 1562 μέρος
1403 1517 1568 1554 εκλύεται
1591 1520 1722 1563 (malim

908 1567 1053 1612 ἐλύετο)
1078 1566 1100 1611 ἡ
1128 1569 1195 1603 τοῦ
1221 1565 1382 1610 δόρατος
1404 1567 1557 1609 κίνησις.
1601 1565 1721 1599 simili-

908 1613 1037 1654 tern',
1061 1616 1138 1650 613
1171 1620 1250 1657 etQ
1265 1614 1378 1654 ,.529
1440 1610 1722 1655 πολυσνμαντος

910 1673 977 1695 vox
1003 1661 1095 1705 ἅρης
1120 1660 1257 1706 quidvis
1283 1659 1406 1692 hostile
1427 1671 1469 1692 ac
1493 1659 1720 1704 perniciosum

909 1707 1102 1751 significat,
1139 1707 1261 1741 bellum
1294 1716 1354 1738 seu
1387 1716 1537 1749 pugnam
1562 1705 1617 1739 vel
1640 1717 1719 1738 cae-

909 1753 1005 1794 dem,
1031 1765 1146 1794 arma,
1179 1759 1331 1797 pestem,
1365 1751 1630 1796 lapidationem,
1665 1752 1718 1784 fu-

908 1811 1040 1841 rorem,
1077 1799 1212 1844 aliaque
1237 1797 1414 1841 ejusmodi.
1463 1797 1533 1830 vid.
1571 1797 1720 1831 iuferius

908 1847 996 1887 569,
1032 1845 1191 1887 Αε5οὴ)1.
1218 1845 1327 1876 Prom.
1354 1844 1440 1884 839,
1476 1844 1583 1889 Soph.
1613 1844 1720 1900 Ajace

907 1892 989 1933 242,
1009 1892 1087 1932 655
1113 1888 1720 1948 0ed.R.18}etc.Sch01.B:rfiv

909 1939 960 1978 εἰς
972 1936 1235 1981 τοῦμπροσθεν
1255 1933 1374 1980 ὁρμὴν
1388 1932 1407 1970 ὁ
1428 1937 1579 1982 σίδηρος
1595 1934 1718 1983 ἠφίειι

907 1983 1133 2029 similiterque
1159 1982 1446 2027 Ap..}1.‚Et>m.

953 2030 1074 2065 446—
1085 2030 1164 2064 453.
1192 2026 1578 2071 ἐίσκομεν(γ’,,197
1590 2029 1718 2073 Odyss.

908 2075 944 2119 ι’,
970 2078 1036 2111 321
1059 2077 1154 2119 etc..)
1175 2073 1377 2118 εικαζομεν.
1400 2086 1482 2107 ‘num
1508 2076 1716 2118 conjicimus,

906 2135 989 2156 num
1022 2134 1101 2156 vere
1125 2123 1351 2165 judicamus,
1400 2133 1526 2164 operae
1567 2123 1718 2165 pretium

909 2181 1001 2210 esse,
1047 2170 1137 2220 quod
1170 2174 1240 2202 tres
1271 2179 1334 2212 pro
1366 2179 1432 2200 uno
1474 2168 1575 2201 occisi
1606 2169 1717 2202 sunt?

908 2216 1012 2249 Sch.:
1049 2220 1124 2259 ἀρα
1159 2214 1272 2257 ἀξίως
1305 2213 1367 2248 και
1401 2212 1562 2254 δεόντως
1584 2215 1717 2250 δοκοῦ-

907 2275 950 2306 με
953 2275 975 2296 ν
999 2273 1058 2296 σοι
1083 2260 1233 2306 αὐχεῖν,
1259 2264 1355 2305 τρεῖς
1376 2258 1470 2294 ἀνθ’
1495 2260 1576 2300 ἑνὸς
1599 2274 1713 2316 πεφο-

906 2307 1099 2349 νευκότεςς
1121 2306 1457 2352 -πεφὰσθαι-
1486 2305 1525 2348 ε’,
1549 2309 1632 2350 531,
1662 2306 1715 2351 ω’,

905 2354 996 2396 254,
1033 2355 1161 2399 Odyss.
1187 2353 1230 2399 χ’,
1263 2354 1328 2395 54,
1360 2353 1453 2387 infra
1477 2355 1543 2388 829
1570 2360 1635 2387 etc.
1669 2373 1716 2379 -—-

907 2400 1080 2442 αὔτως,
1103 2407 1253 2441 temere,
1291 2399 1359 2454 qui
1375 2400 1509 2433 nonnisi
1533 2412 1634 2433 unum
1659 2401 1717 2434 in-

905 2448 1098 2481 terfeceris.
1130 2467 1173 2472 —
1211 2443 1444 2489 δαιμόνι’.
1479 2459 1525 2488 α,
1549 2448 1637 2488 561,
1669 2445 1716 2493 β’,

906 2495 974 2530 190
1015 2499 1082 2527 etc.
1128 2513 1174 2518 -
1221 2505 1423 2545 πρωτον.
1464 2491 1512 2535 v',
1554 2494 1633 2528 215.
1669 2513 1715 2518 -

905 2539 1149 2582 ἐπίουρον.
1178 2540 1284 2574 Sch.:
1310 2537 1471 2580 φύλακα.
1498 2558 1540 2563 —-
1565 2539 1714 2573 sicitem

906 2587 1127 2620 Aristz-nchus
1151 2592 1186 2619 et
1211 2586 1379 2631 ’·Γι)ρ1ιοιι
1405 2597 1460 2630 ap.
1475 2585 1599 2618 Scholl.
1615 2586 1698 2620 Ven.
1692 2611 1714 2627 .,

906 2632 1103 2666 zenodotus
1145 2633 1295 2678 βασιλέα
1333 2632 1395 2666 καὶ
1437 2630 1597 2674 φύλακα.
1651 2639 1714 2673 „et

907 2680 1022 2724 οὖρος
1048 2677 1116 2721 (θ’,
1142 2680 1220 2722 80.)
1248 2684 1283 2712 et
1307 2677 1480 2733 ἐπίουρος
1504 2683 1556 2711 est
1580 2677 1713 2721 φύλαξ,

905 2727 1095 2780 inspector,
1128 2737 1197 2758 rea..
1248 2724 1323 2783 Οὐ)
1332 2736 1376 2757 5.5
1411 2724 1457 2765 ν’,
1487 2725 1568 2758 405.
1604 2730 1638 2757 et
1669 2723 1712 2765 o',

905 2773 982 2807 39.
1019 2768 1060 2813 ὃς
1083 2784 1142 2806 τοι
1165 2769 1245 2804 mliv
1269 2769 1451 2814 ἐπίουρος.
1508 2770 1657 2806 Theocr.
1680 2772 1712 2807 8,

906 2820 960 2853 6.=
998 2816 1148 2861 ἕπιόυρε
1171 2819 1293 2864 βοων,
1317 2818 1373 2851 ubi
1400 2830 1433 2851 v.
1458 2816 1574 2849 Schol
1601 2818 1712 2862 Apoll.

905 2865 1014 2898 Rhod.
1042 2867 1080 2900 1
1107 2866 1184 2900 87.
1231 2865 1407 2907 Οίχαλιης
1431 2861 1625 2905 ἐπίουροι,
1655 2875 1712 2897 re·-

904 2922 967 2955 ges
991 2911 1217 2951 Thessaliae,
1243 2916 1279 2944 et
1300 2912 1333 2950 3,
1362 2910 1460 2944 1179.
1486 2909 1529 2943 de
1552 2888 1712 2949 draimne,

905 2968 1003 3002 quem
1029 2957 1179 2991 Cadmus
1203 2936 1351 2991 occidit'.
1390 2953 1573 2999 Ἀρητιάδι
1597 2954 1713 3002 κρήνῃ
