1847 3277
281 587 739 646 ADDENDA
785 588 902 646 ΕΤ
949 587 1562 646 ΕΜΕΝΒΑΝΒΑ.

100 822 209 879 Cum
252 857 329 879 sero
372 846 562 890 acceperim
604 845 636 881 J.
671 845 731 882 Fr.
763 844 983 878 Boissonadei
1028 844 1208 878 editionem
1252 845 1373 879 Iliadis
1419 845 1468 889 (2
1501 847 1581 880 voll.
1619 847 1750 883 formae

99 891 179 924 min.
191 891 337 932 ‚Parim
364 893 482 933 1893.)
507 896 542 924 et
565 891 609 927 D.
637 891 814 924 Montbelii
838 890 1076 924 annotationes
1099 890 1141 923 ad
1165 890 1200 923 id
1225 903 1381 932 carmen,
1414 891 1532 936 lingua
1555 893 1749 938 francogal-

97 937 166 970 lica
189 937 357 982 scriptas,
384 937 645 980 (Observations
668 949 726 969 sur
748 937 886 970 l'lliade
911 937 945 969 d’
949 937 1107 970 Homere.
1142 936 1210 969 Par
1229 937 1348 980 Dugas
1367 916 1522 971 Montbel
1536 944 1614 978 etc„
1637 940 1749 982 Paris,

101 983 190 1016 1829
214 988 248 1017 et
275 985 384 1024 1830,
419 985 440 1016 2
472 983 551 1016 voll.
583 983 738 1016 foliorum
773 990 901 1022 octon„
935 994 1039 1027 pagg.
1063 981 1132 1017 474
1164 989 1199 1015 et
1222 949 1308 1018 402g.
1335 983 1422 1016 idem
1459 984 1511 1017 vir
1535 983 1749 1020 doctissimus

97 1027 240 1062 Iliadem
269 1029 512 1072 francogallice
544 1039 675 1061 versam
709 1028 762 1061 bis
786 1027 916 1069 edidit,
952 1035 987 1062 et
1020 1040 1108 1061 nuuc
1137 1039 1212 1062 cum
1245 1028 1386 1062 maxime
1420 1037 1604 1074 occupatus
1631 1038 1684 1064 est
1714 1031 1749 1065 in

97 1074 264 1108 vertenda
288 1082 392 1119 att-ue
422 1075 625 1118 explicanda
649 1074 825 1129 Odyssea.
874 1080 1052 1118 praeterea
1085 1074 1222 1118 scripsit
1256 1074 1516 1119 disputationem
1542 1075 1585 1108 de
1611 1077 1750 1111 Homeri

96 1119 322 1160 carminibus,
348 1130 446 1164 quam
470 1120 607 1153 laudavi
631 1131 708 1152 ann.
735 1121 777 1153 ad
803 1118 837 1162 ι’,
861 1121 960 1163 222.)
991 1120 1180 1153 faciendum
1217 1120 1297 1153 mihi
1331 1120 1431 1161 duxi,
1467 1126 1505 1154 ut
1539 1122 1673 1165 potiora
1707 1134 1749 1156 ex

95 1165 148 1198 his
172 1166 268 1198 libris
293 1165 438 1198 virorum
463 1165 721 1198 clarissimorum
745 1177 964 1209 excerperem
989 1174 1023 1199 et
1051 1178 1126 1199 cum
1149 1166 1333 1199 lectoribus
1357 1166 1439 1199 meis
1461 1167 1748 1203 communicarem.

94 1210 294 1255 significabo
317 1210 447 1244 illorum
472 1211 726 1244 observationes
750 1210 874 1244 litteris
897 1211 926 1244 Β
951 1217 986 1244 et
1010 1212 1058 1244 M.

187 1260 235 1298 A,
259 1258 294 1290 4.
340 1265 460 1290 contra
490 1257 586 1300 Magi
619 1258 711 1300 apud
746 1257 878 1290 Persas.
913 1257 986 1290 Cic.
1021 1257 1164 1290 Tuscul.
1197 1257 1264 1297 Qu.
1293 1259 1332 1297 1,
1355 1257 1431 1292 45.·
1469 1258 1654 1303 Magorum
1678 1271 1750 1295 mos

96 1306 147 1336 est
169 1314 238 1336 non
260 1302 403 1335 humare
427 1314 570 1346 corpora
591 1313 748 1343 suorum,
774 1304 841 1335 nisi
865 1315 886 1335 a
906 1305 994 1346 sevis
1012 1304 1081 1337 sint
1104 1309 1187 1336 ante
1207 1303 1353 1336 laniata.
1388 1304 1434 1336 cf.
1455 1303 1585 1338 Herod.
1605 1308 1636 1346 1,
1659 1305 1734 1341 140
1725 1330 1750 1348 ‚

99 1347 158 1392 qui
181 1349 253 1392 ejus
282 1348 464 1382 Persarum
488 1347 588 1381 moris
621 1327 756 1381 videtui·
780 1348 903 1382 oblitus
928 1360 1003 1383 esse
1026 1348 1251 1389 7‚10.ubi
1276 1349 1466 1382 Artabanus
1491 1350 1704 1386 Mardonium
1729 1363 1750 1386 3

99 1394 240 1427 canibus
263 1394 450 1438 avibusque
473 1394 633 1427 laniatum
658 1393 700 1426 iri
723 1393 819 1426 dicit.
846 1395 894 1428 M.
945 1396 990 1430 cf.
1015 1406 1092 1428 ann.
1117 1374 1162 1427 ad
1189 1392 1234 1438 η’,
1258 1395 1338 1429 333.
1363 1413 1407 1420 —
1436 1396 1490 1430 15.
1516 1396 1685 1431 Arcadius
1707 1398 1750 1432 de

100 1440 304 1472 Accentibus
331 1452 362 1484 p.
376 1408 535 1494 180115
560 1437 649 1473 vivo}
675 1464 684 1472 .
701 1464 732 1473 ..
757 1439 852 1474 κατὰ
875 1438 1053 1479 Ἀττικους
1076 1454 1107 1474 κ.
1124 1439 1254 1480 ’Ἱωιας
1278 1441 1424 1485 δοτικῇ·
1447 1442 1630 1486 χρυσέῳ
1655 1442 1750 1478 ἀνὰ

99 1483 337 1529 σκήπτρῳ,
361 1482 444 1520 ἀντὶ
467 1486 532 1529 τῆς
555 1485 650 1520 σύν.
673 1486 716 1518 Β.
739 1504 783 1509 -
806 1486 966 1521 42111110
992 1489 1110 1527 Horat.
1139 1486 1250 1531 Epist.
1269 1488 1300 1527 1,
1324 1488 1358 1527 2,
1384 1486 1457 1520 14.1
1481 1478 1645 1541 quidquid
1663 1490 1752 1523 deli-

98 1536 180 1565 rant
195 1543 315 1576 reges,
337 1533 531 1575 plectuntur
547 1531 681 1564 Achivi.
724 1531 878 1565 similiter
899 1526 1068 1566 Hesiodus
1093 1533 1138 1566 O.
1162 1539 1198 1565 et
1225 1534 1263 1565 D.
1284 1511 1385 1568 ’24οἈ
1410 1532 1560 1568 πολλάκι
1579 1535 1640 1570 καὶ
1659 1535 1752 1579 ξύμ-

98 1588 200 1612 πασα
216 1577 321 1618 πόλις
336 1579 454 1612 κακοῦ
474 1577 610 1619 ἀνδρὸς
629 1576 792 1620 οἷπηνρα,
818 1578 961 1612 Voltair.
985 1579 1028 1611 de
1053 1578 1184 1611 deliciis
1207 1578 1346 1612 Henrici
1369 1580 1416 1621 3.,
1446 1579 1614 1615 Hemina.
1639 1583 1692 1616 3.
1717 1587 1751 1616 et

100 1625 132 1656 le
148 1625 271 1668 peuple
289 1625 388 1666 lasse',
411 1629 574 1667 poussant
593 1624 635 1657 de
653 1624 752 1656 vaius
767 1625 910 1667 sonpirs,
938 1625 1121 1658 Ge‘missait
1135 1625 1176 1657 cle
1191 1626 1264 1657 leur
1277 1625 1354 1657 luoee
1369 1630 1403 1658 et
1419 1627 1541 1668 payait
1555 1628 1644 1660 leurs
1657 1629 1752 1684 plai-

101 1670 176 1703 εἰπε.
203 1671 234 1703 Ε
250 1671 298 1706 M.
316 1689 361 1694 —
388 1672 434 1704 44
469 1670 639 1704 Planudes
661 1669 695 1702 in
715 1669 861 1713 Dialogo
885 1669 1035 1703 inedito.
1051 1668 1218 1713 Όμηρος
1234 1670 1301 1713 τήν
1326 1682 1445 1704 κατα
1470 1673 1552 1706 αντὶ
1569 1674 1633 1717 τῆς
1659 1671 1749 1709 ἀπὸ

101 1714 296 1770 λαμβάνει,
327 1729 389 1751 και
423 1714 461 1750 ἐν
483 1716 708 1758 παραθέσει,
745 1719 847 1758 οἱον,
880 1716 939 1760 βῆ
963 1715 1012 1751 δὲ
1036 1715 1137 1775 κατ’
1155 1715 1345 1750 Ἰδαίων
1370 1715 1524 1760 ὀρέων
1547 1718 1614 1762 (π’,
1638 1719 1716 1756 677.
1720 1720 1752 1764 ),

102 1775 182 1804 και,
207 1762 266 1808 βῆ
291 1761 340 1797 δὲ
364 1759 466 1796 κατ’
493 1761 780 1805 Οὐλύμποιο
802 1761 1040 1816 καρήνων·
1065 1763 1127 1797 καὶ
1151 1761 1188 1798 ἐν
1214 1762 1407 1804 συνθέσει,
1447 1762 1538 1798 ὅταν
1561 1765 1642 1810 λέγῃ
1666 1779 1753 1800 κα-

101 1809 458 1850 τατεθνειαῖτας
480 1807 567 1848 τούς
592 1806 907 1852 οἱποτεθνηκότας.
931 1809 971 1842 Β.
1004 1828 1050 1833 ——
1090 1810 1144 1843 68.
1179 1809 1399 1842 Calchantem
1423 1811 1651 1854 Agamemnon
1677 1813 1753 1846 Me-

102 1854 198 1899 garis
225 1854 425 1895 arcessivit,
449 1860 487 1888 ut
509 1855 597 1888 bello
622 1854 776 1896 Trojano
799 1854 982 1888 interesset
1005 1861 1122 1896 vates,
1147 1861 1287 1888 auctore
1311 1857 1406 1888 Paus.
1434 1859 1474 1897 1,
1498 1857 1554 1891 43.
1581 1859 1612 1889 Ε
1633 1859 1682 1891 Μ.
1707 1877 1753 1883 -

101 1901 157 1935 76.
185 1901 376 1944 jungebant
399 1899 535 1943 ὄμνυμι
559 1906 594 1934 et
617 1901 835 1955 συντίθημι,
860 1899 963 1944 ὅρκοι
988 1909 1023 1935 et
1046 1902 1242 1955 συνθῆκαι.
1279 1911 1311 1933 v.
1337 1906 1452 1934 notata
1477 1903 1521 1935 ad
1546 1903 1751 1948 Eunapium.

101 1947 191 1980 infra
216 1949 264 1985 B,
288 1948 388 1982 339.-
411 1949 604 1982 συνθεσίαι
631 1958 669 1980 τε
692 1946 755 1981 καὶ
779 1943 895 1989 ὅρκια.
921 1948 959 1982 Β.
986 1967 1031 1972 -
1057 1949 1134 1982 106
1169 1944 1317 1990 μάντι
1341 1949 1511 1982 κακῶν.
1561 1949 1627 1983 31ἰο
1650 1961 1751 1984 sensu

100 1994 224 2026 chorus
248 1993 488 2026 Thebanarum
513 2004 569 2037 ap.
593 1993 793 2036 Aeschylum
819 1994 932 2027 Theb.
956 1994 1053 2028 758..
1087 1993 1217 2036 μάντις
1239 1992 1313 2036 εἰμὶ
1349 1993 1424 2027 ταῖν
1455 1995 1598 2036 κακῶν,
1632 2007 1751 2039 augu-

99 2050 157 2072 ror
179 2039 296 2078 πιαὶας
325 2038 482 2072 similiter
513 2046 624 2072 autem
656 2005 811 2071 Priamus
836 2039 1062 2073 Cassandram
1096 2047 1197 2073 vocat
1224 2039 1449 2083 κακόμαντιν
1478 2052 1532 2085 ap.
1551 2042 1751 2094 Τι’)-ρὴίοό-

99 2084 224 2118 Excid.
250 2085 381 2128 Trojae
404 2088 483 2119 408.
532 2086 649 2119 Voss.:
672 2086 951 2129 uugliicksseher.
996 2085 1055 2118 M.
1091 2086 1192 2119 devia
1217 2087 1259 2119 de
1282 2087 1468 2121 malheurs.
1519 2086 1616 2131 Virg.
1642 2087 1751 2121 minus

98 2129 466 2175 §amputastis-‚judice
490 2130 553 2172 M.
579 2132 663 2164 Aen.
687 2132 722 2171 3,
747 2133 847 2165 246..
870 2131 988 2173 infelix
1011 2136 1119 2165 vates.
1145 2150 1186 2157 —
1215 2131 1291 2166 114.
1317 2135 1752 2176 31111.ν.10.5(;1·.προσ-

99 2179 325 2219 ζευχθεῖσαν.
358 2195 405 2201 —-
448 2175 526 2211 148.
559 2176 769 2210 scholiastes
798 2177 997 2210 Philostrati
1024 2177 1106 2210 Her.
1134 2189 1166 2222 p.
1189 2177 1270 2212 499.
1303 2178 1373 2218 ait,
1408 2178 1595 2221 ταυρηδὸν
1626 2180 1750 2213 adver-

99 2223 190 2256 bium
213 2223 302 2256 idem
332 2234 408 2256 esse
437 2230 540 2267 atque
569 2235 612 2256 το
637 2222 737 2265 παρὰ
763 2225 829 2257 τοῦ
850 2222 1013 2266 Ομήρου
1037 2222 1229 2268 λεγόμενον
1259 2220 1353 2258 υπό
1368 2224 1470 2266 δρα.
1505 2226 1545 2258 Β.
1586 2245 1632 2249 -
1673 2223 1749 2261 154.

101 2268 201 2312 equis
224 2268 375 2312 inprimis
404 2269 493 2302 omni
518 2280 602 2303 aevo
636 2269 759 2302 nobilis
792 2269 857 2302 fuit
887 2269 1078 2303 Thessalia.
1135 2281 1239 2314 quare
1272 2282 1311 2304 ει
1298 2268 1436 2304 '‘nmiov
1468 2276 1571 2304 vocat
1603 2271 1751 2315 scriptor

101 2314 424 2369 Argonauticorum,
457 2326 545 2358 quae
575 2315 705 2358 Orphei
739 2326 858 2348 nomen
882 2315 1107 2356 mentiuntur,
1142 2317 1198 2370 59.
1236 2316 1415 2350 'Iheocrin
1443 2317 1505 2360 18,
1531 2318 1606 2351 30.:
1629 2319 1751 2362 πιείρᾳ

101 2358 241 2403 μεγάλα
266 2358 311 2394 οἱτ
354 2358 535 2415 ἀνέδραμε
565 2360 700 2398 κόσμος
724 2358 841 2406 α’ρούρ
846 2375 868 2407 ᾳ
883 2359 936 2395 H
956 2360 1060 2406 κάπω
1084 2373 1327 2404 κυπαρισσος,
1369 2359 1389 2407 ἢ
1415 2361 1549 2406 ἅρματι
1574 2363 1752 2397 Θεσσα·

102 2405 184 2446 lde
218 2407 384 2447 ἵππος,
409 2401 494 2440 526⁸
527 2406 588 2442 καὶ
620 2404 645 2441 ἁ
675 2376 863 2451 ροδόχρως
890 2404 1012 2442 Ελένα
1036 2410 1286 2450 Λακεδαίμονι
1309 2407 1454 2451 κόσμος.
1501 2409 1547 2441 cf.
1572 2409 1694 2444 Athen.
1716 2412 1750 2453 7,

101 2453 144 2493 5,
171 2464 204 2496 p
225 2453 313 2493 278,
341 2453 370 2485 E
395 2459 429 2485 et
458 2455 519 2494 12,
544 2455 589 2494 9,
622 2465 655 2498 p.
680 2454 767 2492 534,
796 2454 838 2486 Β.
866 2455 897 2486 Ε
918 2454 967 2486 Μ.
994 2473 1038 2478 —-
1065 2457 1139 2490 156.
1188 2454 1335 2498 ἐπειῆ.
1371 2455 1406 2488 id
1433 2454 1555 2499 passim
1573 2465 1751 2508 reponen-

104 2499 181 2532 dum
208 2504 271 2533 est.
294 2519 337 2524 —
375 2504 496 2540 argute
520 2498 615 2542 Virg.
642 2502 724 2532 Aen.
746 2478 789 2540 3,
814 2499 910 2534 383..
936 2501 1042 2544 longa
1063 2503 1179 2543 procul
1203 2502 1317 2545 longis
1336 2502 1393 2534 via
1416 2501 1539 2533 diuidit
1568 2501 1662 2533 invia
1681 2507 1750 2535 ter-

101 2545 160 2578 ris.
206 2569 227 2585 ,‚
220 2545 376 2582 ‚Homere
399 2543 453 2577 n'a
474 2545 595 2587 jamais
619 2545 662 2578 de
684 2555 740 2577 ces
759 2551 868 2579 sortes
895 2545 1140 2587 d’antithese53
1165 2547 1188 2579 il
1214 2547 1363 2590 exprime
1391 2547 1544 2589 toujours
1566 2557 1603 2578 sa
1628 2549 1750 2589 pensee

102 2601 187 2624 avec
206 2590 395 2635 simplicite.
416 2608 457 2613 —
482 2591 536 2623 En
557 2591 708 2633 general,
733 2591 817 2624 dans
839 2591 870 2624 la
889 2591 1043 2635 peinture
1055 2593 1115 2625 des
1134 2593 1332 2625 sentiments
1351 2604 1392 2625 ou
1413 2592 1472 2624 des
1492 2592 1599 2632 idees,
1621 2592 1752 2636 Virgile

102 2641 157 2670 est
183 2636 258 2680 plus
282 2636 394 2675 riche,
433 2635 507 2680 plus
531 2638 632 2675 orne,
667 2636 740 2679 plus
766 2637 869 2669 subtil
895 2649 962 2681 que
986 2637 1019 2670 le
1051 2640 1152 2681 poete
1178 2649 1269 2681 grec.
1315 2639 1409 2671 Dans
1439 2637 1471 2670 la
1504 2637 1660 2681 peinture
1688 2639 1750 2673 des

103 2682 213 2724 objets
242 2682 447 2727 physiques,
472 2681 618 2715 Homere
644 2688 697 2715 est
719 2682 791 2725 plus
813 2682 1002 2725 expressis,
1036 2684 1109 2726 plus
1138 2683 1233 2724 vrai,
1261 2683 1333 2726 plus
1358 2683 1431 2715 nais
1447 2695 1513 2726 que
1543 2684 1684 2727 Iirgile.
1705 2703 1749 2710 —

102 2738 187 2760 nous
206 2735 408 2762 trouverons
425 2727 578 2769 toujours
600 2727 632 2760 la
657 2738 759 2760 cause
782 2728 825 2761 de
848 2739 904 2761 ces
926 2728 1128 2762 differences
1151 2729 1233 2762 (13115
1251 2729 1284 2761 la
1309 2735 1430 2761 nature
1456 2732 1559 2762 meme
1582 2729 1624 2763 de
1650 2730 1682 2763 la
1701 2729 1749 2763 ci-

103 2772 270 2807 vilisation
295 2786 337 2807 ou
361 2774 493 2816 chaque
512 2775 612 2817 poete
637 2772 722 2806 etait
746 2773 852 2816 place.
903 2773 997 2808 Voici
1019 2786 1142 2807 encore
1161 2774 1192 2807 la
1218 2778 1267 2806 111(
1272 2785 1321 2807 me
1348 2777 1472 2827 pensee
1493 2775 1666 2818 exprimee
1686 2787 1748 2821 par

103 2817 217 2852 Ovide
239 2819 367 2863 (Trist.
394 2818 434 2859 4,
460 2821 500 2859 7,
525 2820 621 2862 21.)1
650 2819 819 2852 innumeri
840 2825 968 2853 montes
993 2821 1081 2853 inter
1104 2831 1157 2853 me
1180 2825 1297 2863 teque,
1323 2821 1484 2863 viaeque,
1509 2821 1747 2865 Fluminaque,

105 2870 138 2896 et
161 2865 296 2908 campi,
320 2877 379 2898 nec
400 2869 497 2906 freta
522 2877 636 2909 pauca
651 2866 781 2907 jacent.
831 2866 1007 2899 Observez
1032 2877 1118 2909 que,
1143 2865 1172 2898 si
1201 2865 1314 2899 Ovide
1339 2872 1392 2898 est
1420 2867 1450 2899 le
1474 2866 1548 2911 plus
1576 2868 1747 2901 abundant

104 2910 164 2943 des
188 2910 292 2950 trois.
314 2922 354 2945 ee
376 2923 395 2944 ιι
398 2911 463 2945 'est
484 2924 545 2955 pas
570 2922 653 2955 pour
683 2910 812 2944 donner
843 2911 918 2954 plus
939 2911 971 2944 d'
975 2912 1063 2945 eclat
1088 2924 1106 2944 a
1135 2923 1188 2945 ses
1210 2912 1361 2955 images,
1388 2911 1470 2945 mais
1492 2924 1577 2957 pour
1608 2916 1743 2957 presen—

105 2961 159 2990 ter
179 2967 239 2990 5011
258 2935 333 2990 idee
354 2968 432 2991 sous
458 2969 499 2990 un
526 2958 599 3002 plus
627 2957 732 3001 grand
762 2957 900 2990 nombre
921 2956 962 2990 de
984 2958 1146 2992 sormes.“
1171 2977 1211 2981 —-
1240 2957 1357 2992 Ν1.-
1397 2959 1472 2993 162.
1507 2958 1662 2993 eruditae
1683 2971 1742 2993 va-
