1847 3277
36 468 109 551 ⁸3

24 838 33 1059 ἶ

24 1084 28 1119 Ι

22 1125 27 1150 Ι

11 1163 25 1187 ²
75 1190 159 1231 400

27 1330 61 1336 —-
86 1311 361 1348 παλάσσετο
385 1310 512 1345 dictum
534 1311 673 1345 videtur
698 1311 827 1345 Eusta-

27 1357 112 1398 bio,
139 1363 176 1391 ut
194 1359 401 1392 Hesiodeum
426 1357 491 1402 τῆς
515 1356 553 1392 δ’
579 1354 625 1402 ἦν
650 1361 746 1403 τρεῖς
771 1369 828 1393 κε-

25 1403 133 1447 φαλαὶ
159 1405 297 1448 Theog.
320 1406 399 1439 321.
435 1409 472 1437 et.
503 1403 624 1438 similia
659 1405 827 1449 quaedam

24 1450 233 1495 Epicharmi,
260 1453 371 1494 figura
399 1450 599 1492 Pindarica,
632 1450 675 1484 de
699 1462 769 1495 qua
793 1462 826 1484 v

23 1497 60 1531 H.
95 1508 173 1530 ann.
199 1497 242 1530 ad
277 1497 333 1530 01.
360 1498 400 1537 8,
426 1499 488 1534 10,
513 1499 578 1538 11,
601 1499 657 1539 5.‚
698 1497 827 1532 Matth.

23 1545 47 1586 ξ.
72 1544 159 1584 302,
184 1545 216 1578 2.
251 1550 288 1577 et.
311 1543 560 1587 grammaticos.
600 1544 665 1577 hoc
694 1544 826 1577 Catone

21 1590 166 1623 contenti
192 1589 315 1630 simus,
345 1590 494 1631 suadeo,
530 1601 595 1623 nec
618 1590 825 1632 singularem

21 1636 112 1669 verbi
139 1635 326 1669 referamus
358 1636 402 1669 ad
431 1635 615 1680 γούνατα,
649 1642 689 1669 ut
714 1636 829 1680 placet

19 1681 226 1716 Scholiastae
242 1683 271 1715 Β
289 1686 325 1715 et
343 1682 500 1725 Heyneo.
522 1701 564 1706 —
589 1688 685 1716 recte
707 1682 826 1715 itidem

19 1727 47 1761 Ε
70 1734 186 1761 tuetur
210 1727 252 1763 τὸ
278 1727 651 1772 μαρναμένοιϊν,
675 1727 738 1762 οἷα
759 1726 827 1784 οὐχ

17 1769 160 1815 ἅπλῶς,
178 1774 301 1820 inquit,
325 1773 385 1810 ἐπὶ
407 1773 580 1820 πλήθους
595 1772 724 1820 ῥηθὲν,
751 1773 825 1809 ἀλλ’

17 1818 73 1856 ἐπὶ
103 1819 244 1861 δυάδος
276 1823 422 1865 μερῶν,
462 1823 531 1857 τοῦ
565 1834 603 1856 τε
642 1823 826 1865 Τρωικοῦ,

16 1869 81 1903 τοῦ
115 1880 154 1902 τε
183 1865 367 1912 Ἀχαιικοῦ
398 1872 463 1901 etc.
507 1869 673 1902 Cantabr.
701 1873 826 1910 tamen,

16 1914 105 1948 Mori
130 1914 218 1947 liber
242 1919 278 1947 et.
302 1915 360 1948 alii
381 1914 515 1959 quidam
537 1915 659 1948 codd..
684 1927 824 1957 μαρνα-

15 1961 189 2004 μένοισιν.
219 1980 264 1984 —-
303 1986 325 2002 „
340 1960 493 1994 breviter
527 1961 625 2005 Virg.
658 1964 741 1994 Aen
770 1963 824 2003 12,

14 2008 115 2042 552.ε
146 2018 209 2050 pro
236 2018 271 2039 se
295 2008 436 2052 quisquc
460 2008 528 2040 viri
548 2019 683 2041 summa
706 2009 825 2041 nitun-

14 2059 70 2087 tur
102 2065 203 2097 opum
236 2054 293 2093 νίς
332 2055 404 2087 hcc
429 2066 549 2096 mora,
583 2066 644 2087 nec
668 2056 825 2098 requies,-

13 2105 111 2134 vasto
136 2101 323 2133 certamine
346 2101 526 2134 tendunt.‘
529 2100 683 2134 ‘Eiclm

58 2147 270 2181 389—399.
308 2146 501 2187 „notabilis
534 2148 628 2180 locus
661 2147 704 2180 de
729 2146 822 2180 rudi-

15 2194 76 2226 bus
100 2192 294 2236 primordIis
318 2193 402 2226 artis
423 2193 516 2226 coria
541 2193 753 2238 depsendif‘
780 2194 821 2227 H.

15 2250 60 2278 v.,
83 2239 113 2271 si
136 2237 223 2272 tanti
244 2244 314 2283 est,
343 2239 430 2272 Plin.
452 2241 485 2280 7,
501 2241 569 2282 55„
594 2239 712 2284 ibique
730 2241 822 2273 Har-

15 2283 109 2317 duin.
135 2295 211 2335 ann:
234 2287 329 2326 160.,
353 2286 567 2342 Goguet.1,
593 2287 670 2327 122,
688 2287 722 2325 2,
745 2284 822 2321 174.

17 2331 66 2363 E:
106 2327 164 2364 ὅτι
198 2329 315 2365 ἔοικεν
347 2328 366 2367 ὁ
394 2330 560 2387 ποιητὴς
597 2330 648 2387 μή
683 2332 823 2367 εἰδέναι

13 2376 335 2432 πατταλευομένας
359 2376 425 2418 τάς
445 2377 584 2422 βύρσας
613 2376 636 2436 ᾖ
660 2381 823 2421 θρανεύ-

16 2422 162 2467 ομένας,
183 2436 231 2464 ως
249 2436 295 2457 αν
314 2437 408 2468 φαιη
423 2421 576 2465 Ἀττικὸς
597 2423 706 2468 άνὴρ,
732 2426 823 2468 (Co-

14 2470 120 2504 micus
146 2469 235 2513 Fqu.
254 2471 350 2505 352:
377 2469 399 2515 ἡ
424 2470 543 2517 βύρσα
568 2483 634 2505 σου
659 2471 823 2527 θρανεύ-

15 2518 147 2560 σεται.)
172 2515 262 2551 ἀλλὰ
280 2515 448 2559 μέθοδον
468 2519 685 2563 καινοτέραν
709 2516 823 2563 ἄλλην

15 2564 120 2618 φησὶ
139 2564 206 2607 τῆς
247 2563 372 2598 αὐτῶν
406 2563 564 2605 τάσεως
603 2565 822 2622 παραβολὴν

0 2607 190 2655 ἢτοιαύτην
220 2609 353 2645 εἰπών’
393 2609 448 2651 αἷς
471 2609 510 2647 6'
538 2609 589 2646 ὅτ
632 2611 752 2656 ανήρ
776 2632 822 2637 —

14 2655 274 2714 γλαφυράς.
307 2657 368 2691 καὶ
395 2654 464 2700 ὅρα
489 2656 546 2694 ότι
570 2670 607 2692 τε
633 2658 821 2700 ξενιζουσά

13 2700 109 2738 ἐστιν
134 2701 157 2748 ἡ
175 2702 367 2760 παραβολὴ
394 2707 445 2749 τῷ
463 2702 645 2750 ἀσυνήθει
664 2706 729 2749 τῆς
745 2704 822 2749 τέχ-

14 2762 98 2794 νης,
121 2749 224 2784 καθά
249 2764 323 2785 που
343 2752 405 2787 καὶ
430 2750 449 2787 ὁ
476 2751 539 2787 διά
557 2750 742 2792 τεσσάρων
762 2751 821 2787 ι’π-

13 2809 94 2830 πων
117 2797 328 2840 κελητισμός
352 2798 413 2842 (o',
437 2799 559 2841 686),
585 2798 646 2833 καὶ
673 2797 731 2833 ὅτι
754 2797 820 2833 τόν

13 2855 51 2877 τε
83 2842 202 2877 πολυν
229 2842 332 2897 αὕτη
367 2844 554 2901 ἑλκυσμόν
585 2858 652 2880 του
688 2847 821 2888 νεκροῦ

13 2887 188 2934 ἔνέφηνει
210 2903 258 2928 ως
278 2890 345 2925 οὐκ
369 2889 413 2926 ἂν
431 2893 487 2937 εἴη
509 2889 666 2933 κάλλιον,
692 2906 721 2926 κ,
744 2891 820 2935 α’μιν

11 2938 269 2991 πραψατικῶς·
290 2936 412 2980 ξ’,δειξε
440 2941 474 2974 τί
494 2938 535 2973 τὸ
558 2938 734 2994 χρήσιμον
752 2941 821 2973 τοῦ

10 2984 74 3024 τὰς
95 2982 232 3038 βύυσας
252 2985 448 3020 τειίεσθαι.
487 2984 595 3042 ἐλαίῳ
615 3000 684 3030 γαρ
705 2983 728 3030 ἤ
750 2999 822 3020 τινι

9 3029 167 3076 τοιούτῳ
193 3029 426 3074 διαιιιόμειαι
456 3047 487 3068 κ.
514 3030 612 3068 οὕτω
637 3033 820 3077 μαλαττό-

580 169 1021 210 ΙΛΙΑΔΟΣ
1084 169 1129 208 Ρ.

1637 167 1694 207 29

199 277 402 350 γούνατά
427 294 491 329 τε,
528 279 693 334 κνῆμαί
722 295 786 332 τε,
817 277 948 328 πόδες
977 274 1028 320 θ’
1060 275 1303 331 ὑπένερθεν
1332 276 1541 331 ἑκάστου,

200 336 336 407 χεῖρές
364 333 427 388 τ’,
461 333 688 404 ᾆφθαλμοί
718 352 786 388 τε,
815 335 1061 378 παλάσσετο
1091 334 1430 389 μαρναμένοιιν,

198 391 303 448 ἀμφ’
321 391 506 463 άγαΗθὸν
534 391 789 445 θεράποντα
817 391 1041 442 ποδώκεος
1072 392 1299 433 Αἰακίδαο.

198 451 256 500 ὡς
287 447 331 492 δ’
363 448 424 491 ὅτ’
455 447 565 504 άνὴρ
595 447 784 503 ταύροιο
817 448 924 504 βοὸς
953 446 1161 503 μεγάλοιο
1192 447 1344 503 βοείην

83 511 166 552 90
196 511 370 549 λαοῖσιν
401 505 501 574 δώῃ
523 504 724 555 τανύειν,
755 505 1015 576 μεθύουσαν
1046 504 1232 574 ἀλοιφῇ·

198 561 447 631 δεξάμενοι
455 559 501 604 δ’
531 561 617 616 ἄρα
646 563 763 616 τοίγε
793 562 1044 612 διαστάντες
1072 559 1289 603 τανύουσι

197 617 371 662 κυκλόὸ
384 652 394 670 ,
428 616 550 672 α’φαρ
582 617 628 662 δέ
661 635 705 662 τε
735 619 862 673 ἰκμὰς
892 619 989 674 ε’βη,
1030 616 1153 661 δύνει
1184 615 1231 660 δέ
1262 614 1295 658 τ’
1327 613 1520 684 ἀλοιφὴ,

195 680 371 718 πολλῶν
401 674 642 727 ἑλκόντων,
673 675 857 718 τάνυται
889 678 934 718 ὁέ
965 691 1008 717 τε
1038 679 1157 717 πάσα
1188 670 1370 727 διαπρό·

194 731 253 782 ὡς
284 731 374 788 οι”γ
406 733 514 775 ε’νθα
545 733 618 775 καὶ
646 732 756 776 ἔνθα
787 733 920 775 νέκυν
951 730 1076 787 ὀλίγῃ
1108 731 1172 774 ἐνὶ
1201 730 1321 786 χώρῃ

83 794 163 835 395
197 789 345 832 ε’λκεον
375 787 643 858 ἀμφότεροι·
675 787 791 844 μάλα
821 789 904 843 γάρ
937 801 1091 859 σφισιν
1123 788 1271 830 ε’λπετο
1303 784 1472 840 θυμὸς,

202 847 374 898 Τρωσὶν
403 847 481 902 μὲν
511 844 656 898 ἐρύειν
684 846 814 898 προτὶ
833 845 991 895 Ἰλιον,
1027 844 1166 899 αὐτὰρ
1193 843 1382 913 ’Λχαιοΐς

193 920 302 958 νηας
334 903 400 946 ε’πι
428 903 685 958 γλαφυράς
719 903 817 957 περὶ
850 901 890 946 δ’
924 901 1064 945 αὐτοῦ
1096 906 1244 956 μῶλος
1274 898 1438 953 ὀρώρει

195 959 366 1015 ἄγριος·
401 959 505 1003 οὐδὲ
534 959 571 1002 κ’
590 959 722 1030 ’Ἀρης
751 959 990 1010 λαοσσόος,
1022 957 1125 1002 οὐδέ
1155 957 1192 1001 κ’
1225 956 1388 1012 Ἀθήνη

190 1017 318 1072 τόνγε
349 1015 490 1060 ἰδοῦσ’
522 1014 740 1067 ὀνόσαιτ’,
771 1015 873 1059 066'
905 1017 942 1058 εἰ
970 1015 1088 1071 μάλα
1118 1031 1195 1070 μιν
1223 1013 1351 1070 χόλος
1381 1013 1484 1055 ἵκοι.

241 1106 330 1140 sicut
355 1106 588 1148 Nestoridae,
614 1105 689 1151 ipse
714 1106 816 1140 etiam
844 1105 990 1140 Achilles
1015 1106 1130 1139 adhuc
1153 1105 1292 1149 ignorat
1317 1099 1471 1137 Patrocli
1493 1105 1648 1135 mortem.

279 1189 410 1229 Τοῖον
441 1183 551 1236 Ζεύς
580 1184 649 1229 ἐπὶ
682 1183 926 1241 Πατρόκλῳ
959 1182 1137 1240 ἀνδρῶν
1167 1199 1212 1228 τε
1243 1183 1318 1227 καὶ
1347 1183 1493 1226 ἵππων

872 1322 979 1354 μεναι
996 1322 1028 1344 κ.
1049 1311 1121 1366 τῆς
1134 1307 1379 1365 σκληρότητος
1401 1305 1589 1350 άνιέμεναι
1613 1303 1691 1340 ἐπι-

873 1355 1067 1398 διδόασιν,
1093 1371 1141 1398 ως
1163 1358 1233 1391 τοῦ
1255 1355 1400 1413 πάχους
1418 1351 1690 1395 λεπτυνομένου

873 1403 924 1444 εις
946 1403 1113 1448 μέγεθος.
1152 1402 1301 1447 εὐτελής
1335 1400 1375 1438 δὲ
1411 1396 1508 1437 οὖσα
1534 1395 1554 1444 ἡ
1579 1396 1691 1434 εἰκών

872 1450 1106 1495 (comparavit
1140 1451 1174 1483 K
1214 1449 1382 1495 imagines
1424 1458 1534 1492 aeque
1570 1452 1690 1480 tenues

873 1496 1102 1541 agricolarum
1133 1497 1177 1530 de
1200 1496 1326 1529 finibus
1351 1492 1629 1529 contendentium
1654 1497 1691 1526 et

872 1542 1042 1584 mulieiis,
1066 1554 1155 1587 quae
1175 1542 1327 1576 lanificio
1348 1542 1478 1575 victum
1503 1539 1690 1585 quaeritat,

872 1585 908 1646 μ’
921 1614 931 1630 ,
957 1588 1024 1624 421
1051 1594 1085 1623 et
1110 1589 1188 1623 433.
1227 1600 1260 1623 v.
1286 1593 1321 1622 et
1346 1587 1491 1622 inferius
1514 1587 1583 1621 570
1606 1586 1689 1630 etc.)

872 1633 973 1679 ὅμως
1008 1636 1053 1680 τῇ
1085 1633 1255 1681 ἐναργείᾳ
1291 1633 1428 1678 λάμπει
1462 1632 1558 1668 κατά
1602 1645 1692 1672 τους

871 1682 1068 1722 παλαιούς.
1097 1700 1142 1707 ——
1186 1684 1400 1725 λαοῖσιν,
1434 1680 1585 1730 famulis
1615 1678 1691 1713 sive

872 1728 1074 1762 servissuis.
1087 1748 1132 1754 —
1155 1726 1437 1772 μεθύουσαν
1463 1724 1538 1767 άλ.,
1557 1726 1691 1759 ebriam

873 1777 978 1819 adipe
1011 1787 1071 1809 seu
1106 1774 1330 1819 pinguedine.
1367 1782 1490 1816 tropus
1523 1783 1690 1817 perquam

873 1822 1031 1855 usitatus.
1065 1821 1315 1855 Demosthenes
1327 1833 1388 1877 ap.
1404 1820 1456 1854 E:
1481 1818 1617 1862 μεθύει
1636 1820 1690 1866 τῷ

871 1868 1020 1913 μεγέθει
1044 1867 1118 1902 τῶν
1142 1866 1410 1912 πεπραγμένων
1442 1863 1461 1901 ὁ
1495 1867 1688 1906 Φίλιππος.

872 1916 916 1948 cf.
944 1915 1075 1949 Giaev.
1101 1926 1176 1948 ann.
1201 1914 1244 1948 ad
1271 1915 1395 1948 Horat.
1423 1915 1456 1954 1,
1481 1914 1546 1954 37,
1574 1915 1627 1946 11.
1653 1917 1689 1948 et

872 1961 914 1994 ab
940 1974 981 1995 eo
1006 1960 1145 1994 citatum
1173 1961 1346 1994 Muretum
1372 1961 1414 1993 V.
1430 1959 1469 1992 L.
1498 1960 1532 2000 5,
1552 1961 1607 1994 16.
1634 1959 1686 1994 Ε·

871 2009 979 2050 δηλοῖ
1002 2006 1040 2041 δε
1063 2008 1245 2063 τροπικῶς
1264 2003 1286 2051 ἡ
1305 2006 1397 2049 λέξις
1412 2004 1602 2061 πλήρωσιν
1619 2003 1688 2050 τὴν

871 2053 945 2089 απὸ
972 2055 1199 2098 πληθυσιιοῦ
1222 2052 1401 2097 άλοιφῆς,
1428 2049 1451 2097 ἤ
1471 2052 1546 2087 ἐστι
1570 2053 1689 2095 λίπος,

870 2098 978 2144 ὅπερ,
1005 2099 1284 2144 ἐξικμασθείσης
1305 2101 1370 2144 τῆς
1390 2099 1529 2157 βύρσης
1549 2100 1601 2144 τῷ
1623 2113 1688 2135 τα·

870 2161 914 2181 νυ
920 2148 998 2193 σμῶ
1019 2148 1129 2192 (quod
1150 2145 1278 2180 dicit’‘
1255 2160 1387 2190 αφαρ
1409 2167 1452 2171 -
1472 2145 1568 2202 elin,
1591 2147 1688 2181 abire

869 2197 955 2229 solet
980 2194 1128 2238 humor.)
1163 2192 1393 2229 άντεισδύνει
1427 2193 1479 2235 εἰς
1502 2206 1593 2234 τους
1615 2193 1687 2228 πό-

870 2254 979 2283 ρους,
1013 2255 1044 2275 κ.
1069 2239 1247 2284 μαλάσσει
1281 2239 1349 2286 τήν
1384 2238 1537 2286 βύρσαν.
1563 2259 1601 2265 —-
1640 2236 1686 2275 zo*

870 2286 1170 2344 διαστάντες
1199 2285 1243 2322 οὐ
1269 2288 1438 2332 μαχίμως
1462 2283 1593 2330 λεχθὲν
1617 2286 1688 2330 (ut.

869 2333 922 2376 α’,
947 2336 1032 2378 6.),
1067 2329 1152 2369 ἀλλ’
1176 2331 1259 2369 ἀντὶ
1283 2336 1353 2369 τοῦ
1376 2331 1688 2377 διαχωρισθέντες

869 2395 930 2416 και
959 2383 1030 2416 ωδε
1054 2382 1114 2416 καὶ
1140 2379 1217 2416 ἐκεῖ
1239 2381 1402 2422 στάντες.
1421 2400 1466 2404 -
1491 2379 1684 2421 διαπρὸ,

867 2429 1016 2472 penitus.
1045 2426 1076 2463 6
1087 2454 1096 2471 ,
1125 2428 1214 2471 138,
1241 2425 1280 2469 ε’,
1299 2431 1343 2463 66
1357 2433 1424 2461 etc.
1457 2427 1578 2461 Voss..·
1607 2427 1686 2461 Wic

868 2487 967 2508 wenu
991 2474 1046 2508 cin
1079 2486 1186 2507 mann
1209 2475 1406 2509 darreichte
1432 2473 1489 2507 die
1513 2474 1601 2507 haut
1625 2473 1685 2507 des

868 2522 1086 2566 gemalligen
1108 2521 1248 2562 scien-es,
1282 2523 1373 2555 Dass
1396 2521 1445 2554 sie
1471 2520 1525 2553 die
1550 2519 1685 2554 knecht'

869 2568 1089 2609 ausdelmen,
1125 2568 1189 2602 mit
1221 2567 1469 2612 schmeidigem
1492 2569 1585 2609 fctle
1618 2577 1684 2611 ge-

869 2616 1028 2654 triinkct3
1054 2615 1111 2648 sie
1137 2627 1207 2647 nun
1230 2616 1377 2648 nehmen
1401 2614 1457 2647 die
1481 2613 1588 2654 haut,
1614 2612 1685 2646 und

868 2662 978 2702 ziehn,
1004 2673 1068 2695 aus
1087 2661 1256 2695 einander
1273 2662 1344 2694 sich
1365 2660 1522 2701 stenem,
1551 2659 1683 2704 Rings-

868 2709 1009 2748 umhcr,
1034 2709 1083 2741 bis
1108 2708 1164 2741 die
1187 2710 1288 2741 misse
1308 2707 1545 2746 verschuand,
1574 2718 1608 2739 u.
1627 2706 1683 2739 die

860 2755 1046 2798 settigkeit
1071 2754 1270 2799 εἰιιώίηςῃ
1310 2755 1402 2787 Weil
1424 2752 1494 2786 sich
1525 2752 1594 2785 viel
1618 2763 1682 2785 an—

866 2807 1051 2845 slrengeu,
1091 2814 1125 2835 u.
1158 2812 1253 2845 ganz
1286 2801 1335 2834 sie
1363 2801 1409 2833 im
1445 2799 1575 2831 Zielwn
1609 2797 1683 2832 sich

867 2859 928 2880 (111³
926 2849 1049 2880 -ιίυΙηιι,
1076 2867 1120 2872 -
1162 2847 1330 2890 μῶλος.
1359 2845 1414 2892 β’,
1445 2844 1509 2878 401
1540 2848 1606 2879 etc.
1637 2863 1680 2868 —

866 2891 1113 2934 λαοσσόος.
1139 2892 1188 2935 ν’,
1218 2895 1319 2933 128.,
1349 2894 1447 2937 cujus
1472 2889 1536 2923 loci
1561 2889 1680 2924 similis

868 2947 921 2974 est
945 2940 1138 2980 sententia,
1164 2939 1215 2973 uti
1239 2946 1275 2973 et
1300 2938 1377 2972 libri
1403 2939 1435 2972 4.
1461 2935 1617 2971 extremi.

867 2999 886 3022 ο
903 2984 971 3021 66'
998 2988 1039 3021 εἰ
1064 3006 1105 3011 —-
1132 2985 1248 3025 ι’κοι,
1282 2985 1419 3018 etiamsi
1452 2983 1574 3027 gravis
1601 2994 1677 3016 eam

866 3035 921 3067 ira
943 3033 1137 3067 invasisset.
1169 3033 1252 3066 iram
1274 3030 1360 3065 dicit.
1377 3029 1498 3066 Martis
1518 3029 1561 3063 ob
1584 3028 1675 3065 Tro-
