1847 3277
0 2333 3 2344 ι
45 2360 213 2403 Kricgsw,
233 2360 266 2392 d.
289 2359 348 2392 Gr.

590 162 1018 204 ΙΛΙΑΔΟΣ
1083 163 1136 202 Σ.

1636 162 1692 202 77

207 291 266 325 ως
298 273 342 315 οἱ
369 270 518 326 τεύχεα
546 270 660 313 καλοὶ
689 270 965 339 παρέσσεται,
996 265 1069 312 οἶά
1098 284 1164 319 τις
1193 262 1297 311 αὖτε

212 328 461 381 ἀνθρώπων
489 327 659 370 πολέων
686 325 988 396 θαυμάσσεται
1017 325 1066 376 ὅς
1092 341 1168 369 κεν
1196 326 1394 395 ἴδηται.“

277 385 362 435 ‘2529
390 382 525 428 εἰπων
554 384 632 438 τήν
660 383 739 438 μὲν
767 385 890 426 λίπεν
921 380 1082 432 αὐτοῦ,
1112 384 1171 450 βῆ
1201 379 1245 424 6'
1274 381 1341 424 ἐπὶ
1372 380 1536 436 φύσας·

209 440 286 493 τὰς
316 439 358 484 6'
387 441 430 490 ἐς
457 442 548 492 πῦρ
579 440 753 494 ἔτρεψε,
783 439 958 483 κέλευσέ
986 455 1030 482 τε
1059 416 1327 507 ἐργάζεσθαι.

98 500 182 543 470
211 502 350 554 φῦσαι
381 495 421 539 δ’
453 496 501 538 ἐν
527 495 756 565 χοάνοισιν
781 497 941 539 ἐείκοσι
969 499 1105 538 πᾶσαι
1134 493 1336 550 ἐφύσων,

212 554 438 622 παντοίην
455 551 702 608 εὔπρηστον
732 551 903 608 άῦτμῆν
932 552 1185 603 ἐξανιεῖσαι,

211 610 364 653 ἄλλοτε
393 609 471 663 μὲν
502 609 736 652 σπεύδοντι
763 609 1058 664 παρέμμεναι,
1090 607 1242 678 ἄλλοτε
1272 605 1315 651 δ’
1348 602 1476 658 αὖτε,

211 667 360 716 ὅππως
378 665 622 738 Ἥφαιστός
651 664 685 708 τ’
715 665 880 715 ἐθέλοι,
912 665 986 708 καὶ
1015 665 1146 720 ἔργον
1181 663 1347 708 α’νοιτο.

208 723 370 778 χαλκὸν
399 721 441 766 δ’
472 721 518 764 ἐν
546 722 655 775 πυρὶ
684 721 843 778 βάλλεν
872 719 1064 775 ἀτειρέα,
1094 719 1353 793 κασσίτερόν
1381 735 1451 771 τε,

98 782 180 824 475
214 780 288 822 καὶ
316 778 482 849 χρυσὸν
509 783 713 834 τιμῆντα,
745 780 818 822 καὶ
849 778 1067 832 ἄργυρον·
1099 776 1237 830 αὐτὰρ
1269 778 1414 820 ἔπειτα

207 840 345 892 θῆκεν
374 835 421 879 ἐν
452 833 684 904 ἀκμοθέτῳ
715 835 850 890 μέγαν
881 835 1074 889 ἄκμονα
1109 835 1234 890 γέντο
1265 834 1310 877 δὲ
1339 832 1450 890 χειρὶ

209 893 423 949 ῥαιστῆρα
451 890 692 948 κρατερὴν,
723 891 899 949 ἑτέρηφι
929 892 975 934 δὲ
1005 891 1133 947 γέντο
1164 892 1407 947 πυράγρην.

404 982 538 1016 affabre
563 983 676 1016 factus
699 981 854 1027 inprimis
881 981 1012 1026 clipeus
1037 981 1254 1015 describitur.

285 1051 414 1093 Ποίει
443 1049 489 1092 δὲ
518 1048 739 1103 πρώτιστα
773 1048 908 1100 σάκος
935 1050 1045 1105 μέγα
1074 1065 1140 1104 τε,
1173 1047 1384 1104 στιβαρόν
1412 1063 1477 1098 τε,

77 1162 191 1201 ,.180
227 1162 272 1195 cf.
297 1161 350 1209 β’,
375 1164 454 1198 686.
473 1181 519 1186 -·
552 1174 606 1196 av
619 1173 687 1202 τε
712 1173 842 1203 rursus,

32 1174 150 1241 ἰκῐίὀεω
176 1212 213 1241 ut
234 1208 313 1250 illa,
340 1220 429 1252 quae
458 1208 554 1252 prius
585 1186 704 1241 habuit
728 1208 842 1241 Achil-

32 1253 102 1295 les,
128 1254 203 1287 olim
228 1254 355 1288 donata
375 1254 478 1287 Peleo
503 1265 523 1287 a
547 1254 624 1288 diis.
660 1265 694 1287 v.
712 1254 745 1286 H
763 1265 841 1287 aun.

32 1302 78 1333 ad
109 1300 263 1344 A.pollod
290 1302 330 1340 3,
361 1301 424 1340 13,
453 1300 486 1333 5

79 1346 293 1382 470-477.
325 1344 560 1402 χοάνοισι.
584 1343 716 1390 κώνοις
738 1346 845 1389 πηλί-

33 1404 126 1431 νοις,
150 1390 189 1425 ἐν
210 1392 264 1433 οἷς
286 1393 497 1448 χωνεύεται
501 1392 548 1427 τοὶ
568 1392 736 1435 μέταλλα.
761 1392 845 1425 Sch.

34 1438 191 1471 similiter
211 1438 260 1471 Ε.
289 1441 396 1484 δηλοῖ
413 1437 453 1473 δὲ
479 1435 516 1492 ἡ
522 1439 616 1480 λέξις
642 1437 688 1472 τά
713 1450 844 1481 φυσω-

34 1496 128 1539 μενα
154 1485 312 1527 (follibus
334 1486 472 1539 afflata)
494 1498 558 1529 cry,
563 1490 640 1526 εῑα,
669 1484 706 1520 ἐν
729 1489 783 1523 οἱς
806 1482 846 1517 αὶ

33 1527 122 1565 ὕλαι
149 1528 345 1574 τήκονται,
377 1544 469 1574 απερ
490 1531 577 1576 ἡμῖν
600 1531 674 1565 ἐστι
696 1531 845 1575 πήλινα.

35 1577 93 1611 Η·
119 1578 344 1617 „habuerunt
369 1577 488 1623 itaque
514 1583 651 1611 veteres
680 1577 763 1610 ollas
789 1577 845 1609 fu-

35 1623 166 1662 sorias,
202 1623 237 1656 in
269 1624 409 1657 fornace
440 1628 542 1668 puta,
575 1623 774 1668 appositas,
809 1622 844 1656 in

36 1680 124 1713 quas
146 1648 271 1702 directi
289 1677 387 1703 erant
406 1670 514 1703 folles.
547 1670 589 1703 de
609 1671 749 1703 fornace
769 1669 846 1713 ipsa

37 1715 219 1759 (καμίνῳ)
251 1715 298 1748 1111
333 1722 494 1749 memorat
526 1719 637 1760 poeta.
683 1716 846 1748 videntur

36 1768 147 1796 tamen
173 1761 380 1795 recentiores
411 1762 581 1796 notionem
612 1762 763 1794 fornacis
786 1761 846 1793 fu-

37 1808 152 1841 soriae
170 1807 342 1850 subjicere
361 1808 411 1852 τῷ
429 1814 564 1854 χοανῳ
571 1813 664 1840 ‘etc.
697 1807 747 1840 sic
768 1807 846 1850 qui-

38 1854 115 1887 dem
140 1853 302 1886 Vossius:
338 1854 507 1899 Zwanzig
540 1855 664 1887 bliesen
687 1853 846 1896 zugleich

40 1901 103 1934 der
126 1899 316 1943 blasebcilg’
348 1900 382 1932 in
414 1901 470 1933 die
479 1883 584 1944 0ijfen.
630 1899 690 1932 sed
722 1900 846 1931 5011111

39 1970 64 1987 ,,
57 1944 213 1990 ,χοάνη,
239 1945 394 1988 χόανον,
419 1943 574 1990 χόανος,
599 1952 708 1978 contr.
734 1943 848 1989 χώνη,

38 1994 170 2036 χηῖνον,
193 1993 320 2034 χῶνος,
343 1992 460 2035 (χέω).
498 1993 555 2027 bei
576 1992 704 2025 Homer
727 1992 766 2026 1¹.
792 1992 847 2031 18,

39 2036 247 2073 470-477.
275 2038 336 2071 der
358 2039 454 2072 Platz
476 2050 536 2072 vor
555 2039 630 2071 dem
650 2037 766 2070 Rohre
786 2037 848 2070 des

43 2085 265 2128 Blasebalgs‚
299 2084 406 2117 worin
440 2085 502 2118 das
535 2096 577 2117 zu
610 2082 849 2118 erweichende

38 2142 71 2165 u.
91 2141 134 2163 zu
149 2130 384 2163 schmelzende
396 2131 515 2164 Metall
533 2131 627 2174 liegt.
653 2129 743 2163 Hier
759 2129 850 2162 sieht

39 2187 137 2216 man,
159 2176 237 2208 dass
254 2175 338 2209 alles
357 2188 428 2210 erw
431 2177 543 2210 eichte
562 2176 683 2210 Metall
705 2175 765 2209 mit
786 2175 849 2208 der

41 2222 161 2264 Zange
190 2222 258 2254 und
286 2222 360 2255 dem
386 2223 544 2256 Hammer
579 2223 641 2255 auf
671 2221 744 2254 dem
771 2223 850 2254 Am-

43 2269 123 2301 boss
147 2267 332 2301 behandelt
353 2270 419 2302 und
445 2269 700 2312 ausgearbeitet
723 2267 822 2300 wird.
828 2270 850 2286 ‘⁶

43 2315 144 2358 plura
161 2313 205 2345 de
223 2315 286 2346 hac
304 2324 342 2346 re
363 2326 397 2350 v.
415 2325 470 2358 ap.
489 2316 597 2359 ipsum
615 2321 651 2348 et
668 2314 711 2347 cf.
725 2314 850 2358 K6pke

372 2371 405 2404 p.
423 2361 589 2417 46-53.
604 2379 647 2385 -
672 2360 850 2395 ἐείκοσι

43 2406 204 2440 πᾶσαι·
231 2405 309 2440 373.
329 2424 370 2429 -—
403 2407 669 2447 παντοίην,
695 2407 851 2451 omnige-

43 2463 136 2485 nam.
178 2452 312 2489 ‚.modo
335 2450 550 2486 intentiorem
574 2453 715 2493 flatum,
751 2453 850 2486 modo

46 2496 280 2532 remissiorem.
287 2497 373 2530 “H.
398 2516 430 2521 —-
456 2500 543 2543 Ap.·
569 2496 851 2543 εὔπρηστον.

46 2541 269 2599 εὖφνσητον.
309 2540 382 2577 ἀπὸ
406 2546 473 2578 τοῦ
497 2545 647 2589 πρῆσαι.
666 2565 710 2570 -
745 2545 850 2578 Sch.:

48 2587 246 2633 οἶϋτμήν.
272 2586 434 2633 (ι’,605
454 2589 703 2635 εῐο.)πνοήν.
752 2590 851 2633 ἐξα·

47 2640 244 2671 νιεῖσαι.
291 2635 472 2693 ἀφιεῖσαι.
528 2636 725 2681 (ἄλλοτε
754 2636 849 2680 μὲν,

48 2700 93 2706 —-
115 2680 284 2717 ἄλλοτε
307 2680 344 2717 6’
371 2695 495 2718 αυτε.
531 2683 563 2716 11.
587 2696 615 2718 e.
642 2682 768 2718 ἄλλοτε
789 2683 852 2719 καὶ

49 2725 198 2770 αλλοτε,
234 2730 358 2762 iterum
383 2732 594 2773 iterumque,
631 2736 667 2763 ut
693 2730 850 2775 Xenoph.

48 2775 154 2808 Anah.
180 2777 222 2816 2,
246 2774 289 2815 4,
311 2776 387 2809 26:
414 2774 540 2810 ἄλλοτε
562 2789 595 2810 κ.
619 2774 746 2811 ἄλλοτε
769 2775 851 2820 ἐφι-

0 2838 1 2857 1
48 2818 235 2862 στάμενος.
272 2821 317 2853 cf.
346 2821 632 2867 11)ἰι1.5,2.29.)
666 2822 849 2858 ἄνοιτο.

45 2866 174 2910 (prima
198 2866 306 2906 brevi,
331 2878 420 2911 quae
443 2869 476 2902 in
496 2869 565 2902 arsi
588 2869 788 2913 producitur
805 2868 849 2911 κ’,

44 2913 135 2952 251,
161 2912 288 2966 OdysS.
313 2913 358 2958 β’,
380 2916 444 2955 58,
471 2913 515 2958 ρ’,
540 2917 620 2951 537.
645 2928 676 2949 v.
702 2926 778 2948 ann.
804 2916 847 2948 ad

43 2958 153 2994 435.)
196 2955 368 3000 nimiunn,
403 2963 588 2996 τελειοῖτο.
638 2960 847 3004 ἀτειρέα.

43 3002 109 3048 (y‘.
133 3004 209 3047 60.)
240 3001 533 3050 α’καταπόνητον.
559 3027 595 3033 -
623 3009 668 3043 de
691 3018 847 3043 κασσι-

888 1160 1008 1207 τέρῳ
1047 1166 1187 1206 praeter
1221 1171 1286 1200 ea,
1332 1171 1420 1204 quae
1464 1157 1701 1191 annotavimus

889 1208 933 1240 ad
958 1209 1008 1248 λ’,
1034 1210 1111 1249 95,
1152 1218 1183 1239 v.
1211 1205 1306 1240 Petri
1338 1217 1358 1238 a
1391 1205 1522 1238 Bohlen
1552 1203 1701 1237 libellum

890 1256 973 1286 uber
998 1233 1140 1288 'Hantl’el
1164 1266 1196 1286 ιι.
1223 1252 1412 1295 Schzffalzrt
1437 1252 1496 1284 des
1521 1251 1618 1283 alten
1643 1250 1700 1281 ln-

890 1301 1007 1342 dlens,
1041 1301 1099 1344 qui
1124 1299 1258 1333 libellus
1288 1298 1415 1341 legitur
1446 1297 1481 1330 in
1508 1297 1640 1329 Histor.
1666 1307 1701 1328 u.

890 1347 994 1379 litter.
1030 1347 1310 1389 Abhandlungen
1345 1345 1407 1377 der
1439 1345 1541 1387 kfinig
1525 1344 1571 1377 01
1603 1343 1702 1374 deut-

890 1393 968 1425 361ιο
953 1405 991 1425 vn
1009 1393 1192 1425 Gesellsch.
1213 1404 1255 1424 zu
1269 1391 1501 1434 K6nigsberg‚
1521 1391 1552 1421 l.
1568 1390 1702 1421 Samm-

892 1440 1126 1482 lung‚183o.
1158 1443 1305 1472 vocatur
1338 1443 1493 1469 stannum
1526 1435 1702 1468 Samscre-

893 1464 1012 1518 danice
1037 1486 1183 1527 kastira,
1208 1496 1228 1517 a
1247 1495 1314 1528 quo
1339 1483 1471 1515 nomine
1495 1481 1548 1514 vir
1573 1479 1704 1514 doctis·

890 1532 995 1564 simus
1027 1530 1122 1563 ducit
1153 1541 1315 1575 graecum
1339 1530 1571 1571 κασσίτερος,
1604 1526 1704 1560 inde-

891 1589 958 1621 que
1002 1576 1152 1620 colligit,
1195 1576 1369 1609 invectum
1402 1586 1478 1608 esse
1513 1572 1704 1617 antiquitus

890 1629 1043 1656 stannum
1081 1632 1122 1656 ex
1143 1603 1263 1663 India,
1297 1622 1355 1655 ubi
1387 1621 1557 1665 hodieque
1582 1629 1705 1663 magna

892 1670 965 1712 ejus
984 1669 1083 1713 copia
1103 1670 1153 1701 in
1144 1668 1275 1702 enitur
1294 1668 1328 1701 in
1347 1667 1526 1712 peninsula
1546 1665 1705 1699 Malacca

893 1722 929 1748 et
947 1715 1057 1748 insula
1068 1715 1196 1748 Banca.
1207 1734 1252 1739 —
1276 1715 1447 1758 τιμῆντ
1461 1727 1496 1754 α,
1516 1711 1705 1756 τιμήεντα,

894 1766 932 1794 ut
949 1763 1058 1815 τιιιῇς
1079 1759 1101 1795 ι’
1115 1761 1232 1802 ,605
1255 1760 1312 1793 ubi
1333 1772 1366 1793 v.
1385 1771 1460 1793 ann.
1483 1757 1705 1800 „imitatoris

890 1807 1066 1851 ingenium
1084 1808 1118 1840 in
1138 1807 1247 1850 clipeo
1268 1806 1439 1846 Herculis,
1459 1806 1550 1849 quod
1569 1814 1706 1838 carmen

893 1865 935 1886 ex
968 1854 1146 1887 conatibus
1171 1852 1384 1906 C3clicorum
1415 1855 1592 1896 poeitarum
1625 1861 1706 1883 coa-

893 1899 967 1940 luit,
992 1900 1178 1933 ostendunt
1199 1900 1296 1943 ipsae
1321 1898 1497 1939 materiae,
1519 1908 1561 1931 ex
1580 1896 1706 1940 quibus

893 1957 967 1978 eum
990 1946 1198 1979 fabricatum
1222 1945 1344 1989 fingit,
1371 1955 1491 1990 parum
1515 1942 1706 1989 probabili-

893 1998 948 2025 ter
975 1993 1152 2032 variatae,
1183 2002 1350 2035 g3psum‚
1385 1991 1492 2031 ebur,
1527 2000 1644 2023 aurum
1670 1992 1706 2021 et

895 2037 1068 2071 electrum.
1083 2040 1106 2056 ‘⁶
1150 2039 1202 2070 Ex
1229 2038 1276 2070 H.
1308 2057 1353 2062 —
1407 2037 1511 2069 Sch.:
1553 2035 1705 2080 γέντο.

895 2084 975 2127 (θ,
999 2085 1072 2128 43)
1109 2082 1222 2129 ἔλαβε.
1271 2081 1518 2127 ῥαιστῆρα,
1554 2081 1707 2125 σφῦραν

895 2131 1073 2174 σιδηρᾶν,
1096 2143 1197 2174 παρα
1220 2128 1261 2165 τὸ
1288 2129 1434 2173 ῥαίζειν.
1469 2129 1553 2171 (imo
1572 2127 1705 2172 ῥαίειν,

895 2177 1150 2222 asrangendo.
1191 2177 1292 2210 Iones
1321 2178 1388 2230 τήν
1413 2175 1610 2220 ῥαιστῆρα,
1646 2186 1706 2207 ce-

895 2228 988 2256 teros
1020 2230 1131 2256 autem
1158 2224 1315 2256 Graecos
1339 2220 1404 2257 τὸν
1428 2221 1482 2266 ἐκ,
1515 2221 1632 2255 dicere
1657 2220 1706 2254 ait

897 2269 957 2313 E.)
994 2268 1257 2323 πυράγρην.
1285 2268 1433 2313 (Odyss.
1454 2267 1497 2312 γ’,
1518 2267 1617 2323 434.)
1641 2265 1707 2302 τὸν

894 2314 1130 2360 χαλκευτικὸν
1169 2316 1366 2359 καρκίνον,
1412 2313 1477 2350 τὸν
1511 2312 1707 2370 ὀξύλαβον,

895 2363 998 2405 παρὰ
1022 2361 1062 2397 τὸ
1089 2361 1135 2396 τοὶ
1160 2361 1198 2398 ἒν
1223 2363 1276 2408 τῷ
1298 2361 1388 2406 πυρὶ
1412 2359 1589 2405 άγρεύειν.

943 2411 1023 2445 478.
1047 2414 1260 2462 perventum
1270 2414 1323 2442 est
1343 2408 1387 2442 ad
1411 2412 1543 2453 partem
1567 2404 1708 2440 nobilis-

895 2456 1012 2489 simam
1037 2456 1136 2498 hujus
1159 2454 1336 2496 carminis,
1361 2453 1640 2494 ἀσπιδοποιΐαν,
1664 2452 1708 2486 de

896 2513 965 2546 qua
989 2502 1084 2535 multi
1108 2507 1359 2547 exposuerunt,
1383 2501 1477 2534 velut
1493 2500 1620 2540 Demo,
1643 2499 1709 2532 du-

897 2548 986 2581 bium
1012 2559 1053 2581 an
1076 2549 1293 2592 Pythagorae
1313 2526 1384 2580 filia
1405 2546 1626 2591 cognominis,
1652 2556 1708 2599 ap.

898 2593 949 2634 E,
975 2599 1011 2627 et
1034 2594 1268 2627 Philostratus
1295 2593 1430 2636 junior,
1463 2604 1561 2637 quem
1587 2590 1708 2634 παρά-

897 2651 1034 2684 φρασιν
1078 2642 1142 2684 τῆς
1168 2637 1334 2684 Ομήρου
1371 2637 1526 2678 α’σηιὸος
1560 2637 1710 2671 edidisse

896 2693 1017 2720 auctor
1041 2692 1094 2720 est
1119 2686 1244 2720 Suidas
1278 2684 1627 2730 (cf.Fabric.Bib1
1654 2695 1708 2728 gr.

896 2738 976 2767 tom.
1005 2734 1034 2765 1.
1061 2745 1094 2778 p.
1119 2732 1199 2767 423.
1232 2732 1284 2765 ed.
1309 2732 1449 2775 Harl.);
1481 2730 1708 2765 recentiorum

896 2790 998 2819 vero,
1024 2784 1164 2823 praeter
1186 2778 1374 2818 Boivinum,
1400 2779 1564 2821 Popeum,
1589 2777 1708 2810 Gebe-

894 2807 1020 2865 linuni,
1043 2825 1198 2869 inprimis
1222 2836 1334 2858 comes
1358 2825 1401 2856 de
1427 2823 1554 2867 Ca3lus
1585 2822 1707 2865 (Μέιη.

896 2872 939 2904 de
963 2870 1100 2905 t’Acad.
1133 2872 1194 2904 des
1218 2869 1424 2903 1nscr.v.ol
1457 2871 1538 2909 27„
1580 2869 1707 2912 Caylus

894 2918 1177 2961 Abhnndluugen
1200 2929 1262 2950 zur
1285 2917 1314 2949 G
1319 2917 1406 2949 esch.
1431 2916 1492 2948 der
1514 2894 1647 2958 Ii'umt,
1671 2916 1705 2949 2.

895 2963 986 3005 Τ11.,
1019 2963 1227 3007 Altenburg,
1254 2963 1394 3004 1769),
1431 2961 1577 2994 Nastius
1602 2972 1705 3005 pecu-

893 3007 970 3043 liari
1005 3009 1116 3044 libello
1150 3009 1194 3043 de
1219 3008 1329 3054 clipeo
1352 3006 1553 3048 Homerico,
1588 3008 1702 3041 Stutt-
