<?xml version="1.0" encoding="UTF-8"?>
<!DOCTYPE html PUBLIC "-//W3C//DTD XHTML 1.0 Transitional//EN"
    "http://www.w3.org/TR/xhtml1/DTD/xhtml1-transitional.dtd">
<html xmlns="http://www.w3.org/1999/xhtml" xml:lang="en" lang="en">
 <head>
  <title>
</title>
<meta http-equiv="Content-Type" content="text/html;charset=utf-8" />
  <meta name='ocr-system' content='tesseract 3.04.00' />
  <meta name='ocr-capabilities' content='ocr_page ocr_carea ocr_par ocr_line ocrx_word'/>
</head>
<body>
  <div class='ocr_page' id='page_1' title='image "./carmina02home_0375.png"; bbox 0 0 1847 3277; ppageno 0'>
   <div class='ocr_carea' id='block_1_1' title="bbox 0 0 47 956">
    <p class='ocr_par' dir='ltr' id='par_1_1' title="bbox 0 0 47 956">
     <span class='ocr_line' id='line_1_1' title="bbox 0 0 47 956; baseline 0 -388"><span class='ocrx_word' id='word_1_1' title='bbox 0 0 47 956; x_wconf 95' lang='lat' dir='ltr'><strong>  </strong></span> 
     </span>
    </p>
   </div>
   <div class='ocr_carea' id='block_1_2' title="bbox 21 757 24 765">
    <p class='ocr_par' dir='ltr' id='par_1_2' title="bbox 21 757 24 765">
     <span class='ocr_line' id='line_1_2' title="bbox 21 757 24 765; baseline 0 0"><span class='ocrx_word' id='word_1_2' title='bbox 21 757 24 765; x_wconf 67' lang='grc' dir='ltr'><strong>ι</strong></span> 
     </span>
    </p>
   </div>
   <div class='ocr_carea' id='block_1_3' title="bbox 0 568 47 1940">
    <p class='ocr_par' dir='ltr' id='par_1_3' title="bbox 0 568 47 1940">
     <span class='ocr_line' id='line_1_3' title="bbox 0 568 47 1940; baseline 0 0"><span class='ocrx_word' id='word_1_3' title='bbox 0 568 47 1940; x_wconf 95' lang='lat' dir='ltr'><strong> </strong></span> 
     </span>
    </p>
   </div>
   <div class='ocr_carea' id='block_1_4' title="bbox 168 379 185 397">
    <p class='ocr_par' dir='ltr' id='par_1_4' title="bbox 168 379 185 397">
     <span class='ocr_line' id='line_1_4' title="bbox 168 379 185 397; baseline 0 -3"><span class='ocrx_word' id='word_1_4' title='bbox 168 379 185 397; x_wconf 50' lang='grc' dir='ltr'><strong><em>ᾔ</em></strong></span> 
     </span>
    </p>
   </div>
   <div class='ocr_carea' id='block_1_5' title="bbox 217 374 909 446">
    <p class='ocr_par' dir='ltr' id='par_1_5' title="bbox 217 374 909 446">
     <span class='ocr_line' id='line_1_5' title="bbox 217 374 909 446; baseline 0.013 -27"><span class='ocrx_word' id='word_1_5' title='bbox 217 377 404 426; x_wconf 78' lang='grc' dir='ltr'><strong><em>ἔσσεται.</em></strong></span> <span class='ocrx_word' id='word_1_6' title='bbox 435 375 466 432; x_wconf 79' lang='grc' dir='ltr'><em>ἦ</em></span> <span class='ocrx_word' id='word_1_7' title='bbox 494 374 601 430; x_wconf 70' lang='grc' dir='ltr'><strong>ἠώς.</strong></span> <span class='ocrx_word' id='word_1_8' title='bbox 632 375 659 432; x_wconf 80' lang='grc' dir='ltr'><em>ἢ</em></span> <span class='ocrx_word' id='word_1_9' title='bbox 679 374 909 446; x_wconf 52' lang='grc' dir='ltr'><strong>δείιξης,ἦ</strong></span> 
     </span>
    </p>
   </div>
   <div class='ocr_carea' id='block_1_6' title="bbox 214 762 477 819">
    <p class='ocr_par' dir='ltr' id='par_1_6' title="bbox 214 762 477 819">
     <span class='ocr_line' id='line_1_6' title="bbox 214 762 477 819; baseline 0 -13"><span class='ocrx_word' id='word_1_10' title='bbox 214 762 477 819; x_wconf 82' lang='grc' dir='ltr'><em>ἀμφοτέρας.</em></span> 
     </span>
    </p>
   </div>
   <div class='ocr_carea' id='block_1_7' title="bbox 39 873 855 921">
    <p class='ocr_par' dir='ltr' id='par_1_7' title="bbox 39 873 855 921">
     <span class='ocr_line' id='line_1_7' title="bbox 39 873 855 921; baseline 0.002 -13"><span class='ocrx_word' id='word_1_11' title='bbox 39 873 176 909; x_wconf 87' lang='lat' dir='ltr'><strong>d&#39;avoir</strong></span> <span class='ocrx_word' id='word_1_12' title='bbox 199 877 363 921; x_wconf 75' lang='lat' dir='ltr'><strong>applique</strong></span> <span class='ocrx_word' id='word_1_13' title='bbox 387 888 427 910; x_wconf 89' lang='lat' dir='ltr'><strong>ce</strong></span> <span class='ocrx_word' id='word_1_14' title='bbox 446 880 553 910; x_wconf 87' lang='lat' dir='ltr'>meme</span> <span class='ocrx_word' id='word_1_15' title='bbox 574 889 653 911; x_wconf 85' lang='lat' dir='ltr'><strong>vers</strong></span> <span class='ocrx_word' id='word_1_16' title='bbox 677 889 698 910; x_wconf 90' lang='lat' dir='ltr'><strong>a</strong></span> <span class='ocrx_word' id='word_1_17' title='bbox 717 876 788 910; x_wconf 89' lang='lat' dir='ltr'><strong>l’un</strong></span> <span class='ocrx_word' id='word_1_18' title='bbox 813 876 855 910; x_wconf 86' lang='lat' dir='ltr'><strong>de</strong></span> 
     </span>
    </p>
   </div>
   <div class='ocr_carea' id='block_1_8' title="bbox 18 922 855 973">
    <p class='ocr_par' dir='ltr' id='par_1_8' title="bbox 18 922 855 973">
     <span class='ocr_line' id='line_1_8' title="bbox 18 922 855 973; baseline 0.002 -19"><span class='ocrx_word' id='word_1_19' title='bbox 18 958 22 973; x_wconf 53' lang='lat'>¹</span> <span class='ocrx_word' id='word_1_20' title='bbox 40 932 96 955; x_wconf 79' lang='lat' dir='ltr'><strong>ses</strong></span> <span class='ocrx_word' id='word_1_21' title='bbox 115 922 276 965; x_wconf 82' lang='lat' dir='ltr'><strong>malades,</strong></span> <span class='ocrx_word' id='word_1_22' title='bbox 304 924 363 967; x_wconf 88' lang='lat' dir='ltr'><strong>qui</strong></span> <span class='ocrx_word' id='word_1_23' title='bbox 380 922 428 956; x_wconf 89' lang='lat' dir='ltr'><strong>lui</strong></span> <span class='ocrx_word' id='word_1_24' title='bbox 444 924 638 957; x_wconf 87' lang='lat' dir='ltr'><strong>demandait</strong></span> <span class='ocrx_word' id='word_1_25' title='bbox 664 922 717 956; x_wconf 85' lang='lat' dir='ltr'><strong>s’il</strong></span> <span class='ocrx_word' id='word_1_26' title='bbox 742 935 855 957; x_wconf 88' lang='lat' dir='ltr'><strong>mour-</strong></span> 
     </span>
    </p>
   </div>
   <div class='ocr_carea' id='block_1_9' title="bbox 39 968 855 1105">
    <p class='ocr_par' dir='ltr' id='par_1_9' title="bbox 39 968 855 1105">
     <span class='ocr_line' id='line_1_9' title="bbox 39 968 855 1003; baseline 0.002 -3"><span class='ocrx_word' id='word_1_27' title='bbox 39 968 109 1000; x_wconf 71' lang='lat' dir='ltr'><strong>tait</strong></span> <span class='ocrx_word' id='word_1_28' title='bbox 141 969 184 1001; x_wconf 91' lang='lat' dir='ltr'><strong>de</strong></span> <span class='ocrx_word' id='word_1_29' title='bbox 215 980 254 1001; x_wconf 83' lang='lat' dir='ltr'><strong>sa</strong></span> <span class='ocrx_word' id='word_1_30' title='bbox 279 968 472 1002; x_wconf 76' lang='lat' dir='ltr'><strong>maladie.“</strong></span> <span class='ocrx_word' id='word_1_31' title='bbox 523 970 562 1003; x_wconf 79' lang='grc' dir='ltr'><strong>Ι).</strong></span> <span class='ocrx_word' id='word_1_32' title='bbox 594 970 747 1002; x_wconf 80' lang='lat' dir='ltr'><strong>Montbel</strong></span> <span class='ocrx_word' id='word_1_33' title='bbox 783 970 855 1002; x_wconf 90' lang='lat' dir='ltr'><strong>Lu-</strong></span> 
     </span>
     <span class='ocr_line' id='line_1_10' title="bbox 40 1015 855 1058; baseline 0.002 -12"><span class='ocrx_word' id='word_1_34' title='bbox 40 1017 125 1047; x_wconf 86' lang='lat' dir='ltr'><strong>cret.</strong></span> <span class='ocrx_word' id='word_1_35' title='bbox 158 1015 201 1055; x_wconf 87' lang='lat'><strong>3,</strong></span> <span class='ocrx_word' id='word_1_36' title='bbox 230 1016 347 1049; x_wconf 83' lang='lat'><strong>1055.:</strong></span> <span class='ocrx_word' id='word_1_37' title='bbox 382 1015 454 1058; x_wconf 84' lang='lat' dir='ltr'><strong>ipse</strong></span> <span class='ocrx_word' id='word_1_38' title='bbox 493 1016 658 1058; x_wconf 81' lang='lat' dir='ltr'><strong><em>Epicurus</em></strong></span> <span class='ocrx_word' id='word_1_39' title='bbox 690 1016 759 1048; x_wconf 76' lang='lat' dir='ltr'><strong>obit</strong></span> <span class='ocrx_word' id='word_1_40' title='bbox 795 1016 855 1048; x_wconf 81' lang='lat' dir='ltr'><strong>dc-</strong></span> 
     </span>
     <span class='ocr_line' id='line_1_11' title="bbox 40 1061 854 1105; baseline 0 -12"><span class='ocrx_word' id='word_1_41' title='bbox 40 1071 136 1093; x_wconf 78' lang='lat' dir='ltr'><strong>curso</strong></span> <span class='ocrx_word' id='word_1_42' title='bbox 159 1061 287 1093; x_wconf 84' lang='lat' dir='ltr'><strong>lumine</strong></span> <span class='ocrx_word' id='word_1_43' title='bbox 305 1061 413 1101; x_wconf 81' lang='lat' dir='ltr'><strong>vitae,</strong></span> <span class='ocrx_word' id='word_1_44' title='bbox 440 1061 508 1102; x_wconf 77' lang='lat' dir='ltr'><strong>Qui</strong></span> <span class='ocrx_word' id='word_1_45' title='bbox 530 1073 643 1105; x_wconf 82' lang='lat' dir='ltr'><strong>genus</strong></span> <span class='ocrx_word' id='word_1_46' title='bbox 666 1062 854 1094; x_wconf 75' lang='lat' dir='ltr'><strong>humanum</strong></span> 
     </span>
    </p>
   </div>
   <div class='ocr_carea' id='block_1_10' title="bbox 13 1106 853 1150">
    <p class='ocr_par' dir='ltr' id='par_1_10' title="bbox 13 1106 853 1150">
     <span class='ocr_line' id='line_1_12' title="bbox 13 1106 853 1150; baseline 0.004 -12"><span class='ocrx_word' id='word_1_47' title='bbox 13 1141 17 1146; x_wconf 59' lang='grc'><strong>,</strong></span> <span class='ocrx_word' id='word_1_48' title='bbox 39 1106 181 1150; x_wconf 75' lang='lat' dir='ltr'><strong>ingenio</strong></span> <span class='ocrx_word' id='word_1_49' title='bbox 205 1108 406 1149; x_wconf 81' lang='lat' dir='ltr'><strong>superavit,</strong></span> <span class='ocrx_word' id='word_1_50' title='bbox 432 1113 466 1140; x_wconf 81' lang='lat' dir='ltr'><strong>et</strong></span> <span class='ocrx_word' id='word_1_51' title='bbox 490 1119 605 1141; x_wconf 81' lang='lat' dir='ltr'><strong>omnes</strong></span> <span class='ocrx_word' id='word_1_52' title='bbox 631 1108 853 1147; x_wconf 67' lang='lat' dir='ltr'><strong>praestinxit,</strong></span> 
     </span>
    </p>
   </div>
   <div class='ocr_carea' id='block_1_11' title="bbox 38 1152 856 3049">
    <p class='ocr_par' dir='ltr' id='par_1_11' title="bbox 38 1152 854 1520">
     <span class='ocr_line' id='line_1_13' title="bbox 39 1152 853 1187; baseline 0 -1"><span class='ocrx_word' id='word_1_53' title='bbox 39 1152 158 1187; x_wconf 73' lang='lat' dir='ltr'><strong>stellas</strong></span> <span class='ocrx_word' id='word_1_54' title='bbox 181 1158 317 1186; x_wconf 71' lang='lat' dir='ltr'><strong>exortus</strong></span> <span class='ocrx_word' id='word_1_55' title='bbox 334 1153 386 1185; x_wconf 76' lang='lat' dir='ltr'><strong>uti</strong></span> <span class='ocrx_word' id='word_1_56' title='bbox 405 1153 581 1186; x_wconf 79' lang='lat' dir='ltr'><strong>aetherius</strong></span> <span class='ocrx_word' id='word_1_57' title='bbox 601 1154 669 1186; x_wconf 83' lang='lat' dir='ltr'><strong>sol.-</strong></span> <span class='ocrx_word' id='word_1_58' title='bbox 698 1155 751 1186; x_wconf 86' lang='lat' dir='ltr'><strong>&#39;I&#39;u</strong></span> <span class='ocrx_word' id='word_1_59' title='bbox 772 1165 853 1186; x_wconf 82' lang='lat' dir='ltr'><strong>vero</strong></span> 
     </span>
     <span class='ocr_line' id='line_1_14' title="bbox 40 1198 853 1243; baseline 0.001 -11"><span class='ocrx_word' id='word_1_60' title='bbox 40 1198 214 1232; x_wconf 73' lang='lat' dir='ltr'><em>dubitabis</em></span> <span class='ocrx_word' id='word_1_61' title='bbox 239 1204 273 1232; x_wconf 88' lang='lat' dir='ltr'><strong>et</strong></span> <span class='ocrx_word' id='word_1_62' title='bbox 292 1199 522 1243; x_wconf 83' lang='lat' dir='ltr'><strong><em>indignabere</em></strong></span> <span class='ocrx_word' id='word_1_63' title='bbox 547 1199 670 1232; x_wconf 82' lang='lat' dir='ltr'><strong>obire?</strong></span> <span class='ocrx_word' id='word_1_64' title='bbox 696 1204 732 1233; x_wconf 86' lang='lat' dir='ltr'><strong>et</strong></span> <span class='ocrx_word' id='word_1_65' title='bbox 754 1200 853 1233; x_wconf 85' lang='lat'><strong>1038.</strong></span> 
     </span>
     <span class='ocr_line' id='line_1_15' title="bbox 40 1244 854 1288; baseline -0.001 -9"><span class='ocrx_word' id='word_1_66' title='bbox 40 1245 192 1288; x_wconf 83' lang='lat' dir='ltr'><strong>ejusdem</strong></span> <span class='ocrx_word' id='word_1_67' title='bbox 224 1244 323 1278; x_wconf 81' lang='lat' dir='ltr'>libri:</span> <span class='ocrx_word' id='word_1_68' title='bbox 365 1246 498 1278; x_wconf 81' lang='lat' dir='ltr'><strong>lumina</strong></span> <span class='ocrx_word' id='word_1_69' title='bbox 530 1247 576 1279; x_wconf 78' lang='lat' dir='ltr'><strong>sis</strong></span> <span class='ocrx_word' id='word_1_70' title='bbox 606 1247 713 1279; x_wconf 77' lang='lat' dir='ltr'><strong>oculis</strong></span> <span class='ocrx_word' id='word_1_71' title='bbox 747 1246 854 1279; x_wconf 76' lang='lat' dir='ltr'><strong>etiam</strong></span> 
     </span>
     <span class='ocr_line' id='line_1_16' title="bbox 40 1291 854 1335; baseline 0 -11"><span class='ocrx_word' id='word_1_72' title='bbox 40 1291 145 1324; x_wconf 80' lang='lat' dir='ltr'><strong>bonus</strong></span> <span class='ocrx_word' id='word_1_73' title='bbox 173 1291 282 1324; x_wconf 84' lang='lat' dir='ltr'><strong>Ancu’</strong></span> <span class='ocrx_word' id='word_1_74' title='bbox 305 1291 464 1335; x_wconf 79' lang='lat' dir='ltr'><strong>reliquit,</strong></span> <span class='ocrx_word' id='word_1_75' title='bbox 501 1292 569 1333; x_wconf 79' lang='lat' dir='ltr'><strong>Qui</strong></span> <span class='ocrx_word' id='word_1_76' title='bbox 594 1293 715 1325; x_wconf 80' lang='lat' dir='ltr'><strong>melior</strong></span> <span class='ocrx_word' id='word_1_77' title='bbox 738 1293 854 1324; x_wconf 79' lang='lat' dir='ltr'><strong>mullis</strong></span> 
     </span>
     <span class='ocr_line' id='line_1_17' title="bbox 39 1337 852 1382; baseline 0.001 -13"><span class='ocrx_word' id='word_1_78' title='bbox 39 1348 143 1381; x_wconf 78' lang='lat' dir='ltr'><strong>quam</strong></span> <span class='ocrx_word' id='word_1_79' title='bbox 160 1342 199 1371; x_wconf 85' lang='lat' dir='ltr'><strong>tu</strong></span> <span class='ocrx_word' id='word_1_80' title='bbox 211 1337 298 1379; x_wconf 84' lang='lat' dir='ltr'><strong>suit.</strong></span> <span class='ocrx_word' id='word_1_81' title='bbox 331 1337 406 1372; x_wconf 89' lang='lat' dir='ltr'><strong>Cic.</strong></span> <span class='ocrx_word' id='word_1_82' title='bbox 428 1337 541 1382; x_wconf 83' lang='lat' dir='ltr'><strong>Epist.</strong></span> <span class='ocrx_word' id='word_1_83' title='bbox 564 1338 607 1372; x_wconf 84' lang='lat' dir='ltr'><strong>ad</strong></span> <span class='ocrx_word' id='word_1_84' title='bbox 627 1338 720 1371; x_wconf 87' lang='lat' dir='ltr'><strong>Fam.</strong></span> <span class='ocrx_word' id='word_1_85' title='bbox 742 1340 774 1378; x_wconf 79' lang='lat'><strong>6,</strong></span> <span class='ocrx_word' id='word_1_86' title='bbox 799 1337 852 1372; x_wconf 83' lang='lat'><strong>4.:</strong></span> 
     </span>
     <span class='ocr_line' id='line_1_18' title="bbox 39 1383 853 1427; baseline 0.001 -12"><span class='ocrx_word' id='word_1_87' title='bbox 39 1384 67 1416; x_wconf 84' lang='lat' dir='ltr'><strong>ii</strong></span> <span class='ocrx_word' id='word_1_88' title='bbox 90 1384 158 1416; x_wconf 81' lang='lat' dir='ltr'><strong>viri</strong></span> <span class='ocrx_word' id='word_1_89' title='bbox 180 1384 242 1415; x_wconf 79' lang='lat' dir='ltr'><strong>hoc</strong></span> <span class='ocrx_word' id='word_1_90' title='bbox 266 1383 352 1416; x_wconf 83' lang='lat' dir='ltr'><strong>bello</strong></span> <span class='ocrx_word' id='word_1_91' title='bbox 377 1385 585 1425; x_wconf 78' lang='lat' dir='ltr'><strong>occiderunt,</strong></span> <span class='ocrx_word' id='word_1_92' title='bbox 608 1390 649 1417; x_wconf 84' lang='lat' dir='ltr'><strong>ut</strong></span> <span class='ocrx_word' id='word_1_93' title='bbox 672 1385 853 1427; x_wconf 82' lang='lat' dir='ltr'><strong>impuden-</strong></span> 
     </span>
     <span class='ocr_line' id='line_1_19' title="bbox 38 1430 854 1473; baseline 0.001 -10"><span class='ocrx_word' id='word_1_94' title='bbox 38 1430 92 1464; x_wconf 74' lang='lat' dir='ltr'><strong>tia</strong></span> <span class='ocrx_word' id='word_1_95' title='bbox 124 1430 287 1462; x_wconf 83' lang='lat' dir='ltr'><strong>videatur</strong></span> <span class='ocrx_word' id='word_1_96' title='bbox 319 1431 464 1463; x_wconf 84' lang='lat' dir='ltr'><strong>eandem</strong></span> <span class='ocrx_word' id='word_1_97' title='bbox 493 1433 698 1473; x_wconf 83' lang='lat' dir='ltr'><strong>fortunam,</strong></span> <span class='ocrx_word' id='word_1_98' title='bbox 739 1431 769 1464; x_wconf 78' lang='lat' dir='ltr'><strong>si</strong></span> <span class='ocrx_word' id='word_1_99' title='bbox 800 1441 854 1464; x_wconf 71' lang='lat' dir='ltr'><strong>res</strong></span> 
     </span>
     <span class='ocr_line' id='line_1_20' title="bbox 38 1476 493 1520; baseline 0 -11"><span class='ocrx_word' id='word_1_100' title='bbox 38 1480 164 1520; x_wconf 71' lang='lat' dir='ltr'><strong>cogat.</strong></span> <span class='ocrx_word' id='word_1_101' title='bbox 189 1486 361 1509; x_wconf 81' lang='lat' dir='ltr'><strong>recusare.</strong></span> <span class='ocrx_word' id='word_1_102' title='bbox 386 1476 417 1509; x_wconf 86' lang='lat' dir='ltr'><strong>E</strong></span> <span class='ocrx_word' id='word_1_103' title='bbox 440 1476 493 1510; x_wconf 92' lang='lat' dir='ltr'><strong>Cl.</strong></span> 
     </span>
    </p>

    <p class='ocr_par' dir='ltr' id='par_1_12' title="bbox 86 1519 697 1565">
     <span class='ocr_line' id='line_1_21' title="bbox 86 1519 697 1565; baseline -0.003 -9"><span class='ocrx_word' id='word_1_104' title='bbox 86 1522 164 1556; x_wconf 85' lang='grc'><strong>109.</strong></span> <span class='ocrx_word' id='word_1_105' title='bbox 201 1519 428 1565; x_wconf 84' lang='grc' dir='ltr'><strong><em>οἷγαθοῖο.</em></strong></span> <span class='ocrx_word' id='word_1_106' title='bbox 455 1521 512 1564; x_wconf 89' lang='grc' dir='ltr'><strong>α’,</strong></span> <span class='ocrx_word' id='word_1_107' title='bbox 540 1523 604 1557; x_wconf 89' lang='grc'><strong>131</strong></span> <span class='ocrx_word' id='word_1_108' title='bbox 630 1527 697 1557; x_wconf 89' lang='lat' dir='ltr'><strong>etc.</strong></span> 
     </span>
    </p>

    <p class='ocr_par' dir='ltr' id='par_1_13' title="bbox 39 1566 856 3049">
     <span class='ocr_line' id='line_1_22' title="bbox 88 1566 854 1626; baseline -0.003 -24"><span class='ocrx_word' id='word_1_109' title='bbox 88 1570 173 1609; x_wconf 88' lang='lat'><strong>110,</strong></span> <span class='ocrx_word' id='word_1_110' title='bbox 200 1570 278 1602; x_wconf 86' lang='lat'><strong>111</strong></span> <span class='ocrx_word' id='word_1_111' title='bbox 319 1567 370 1601; x_wconf 88' lang='lat' dir='ltr'><strong>ita</strong></span> <span class='ocrx_word' id='word_1_112' title='bbox 385 1568 487 1609; x_wconf 78' lang='lat' dir='ltr'><strong>libri,</strong></span> <span class='ocrx_word' id='word_1_113' title='bbox 520 1580 584 1601; x_wconf 88' lang='lat' dir='ltr'><strong>nec</strong></span> <span class='ocrx_word' id='word_1_114' title='bbox 617 1568 722 1602; x_wconf 78' lang='lat' dir='ltr'><strong>facile</strong></span> <span class='ocrx_word' id='word_1_115' title='bbox 755 1566 854 1626; x_wconf 81' lang='lat' dir='ltr'><strong>quis-</strong></span> 
     </span>
     <span class='ocr_line' id='line_1_23' title="bbox 40 1595 855 1670; baseline 0.002 -24"><span class='ocrx_word' id='word_1_116' title='bbox 40 1625 140 1670; x_wconf 89' lang='lat' dir='ltr'><strong>quam</strong></span> <span class='ocrx_word' id='word_1_117' title='bbox 174 1613 406 1655; x_wconf 86' lang='lat' dir='ltr'><strong>dubitaverit,</strong></span> <span class='ocrx_word' id='word_1_118' title='bbox 439 1595 656 1648; x_wconf 78' lang='lat' dir='ltr'><strong>re&#39;ferendum</strong></span> <span class='ocrx_word' id='word_1_119' title='bbox 689 1625 765 1647; x_wconf 87' lang='lat' dir='ltr'><strong>esse</strong></span> <span class='ocrx_word' id='word_1_120' title='bbox 796 1613 855 1648; x_wconf 77' lang='grc' dir='ltr'><strong>ἐπὶ</strong></span> 
     </span>
     <span class='ocr_line' id='line_1_24' title="bbox 41 1658 855 1719; baseline -0.002 -25"><span class='ocrx_word' id='word_1_121' title='bbox 41 1660 84 1694; x_wconf 87' lang='lat' dir='ltr'><strong>ad</strong></span> <span class='ocrx_word' id='word_1_122' title='bbox 117 1658 282 1701; x_wconf 79' lang='grc' dir='ltr'><strong><em>ἔσσεται,</em></strong></span> <span class='ocrx_word' id='word_1_123' title='bbox 313 1661 590 1719; x_wconf 83' lang='lat' dir='ltr'><strong>quemadmodum</strong></span> <span class='ocrx_word' id='word_1_124' title='bbox 616 1660 855 1715; x_wconf 82' lang='lat' dir='ltr'><strong>Pseudodidy-</strong></span> 
     </span>
     <span class='ocr_line' id='line_1_25' title="bbox 41 1705 855 1749; baseline -0.001 -8"><span class='ocrx_word' id='word_1_125' title='bbox 41 1717 134 1741; x_wconf 89' lang='lat' dir='ltr'><strong>mus:</strong></span> <span class='ocrx_word' id='word_1_126' title='bbox 167 1705 258 1741; x_wconf 75' lang='grc' dir='ltr'><strong><em>ἀλλὰ</em></strong></span> <span class='ocrx_word' id='word_1_127' title='bbox 283 1706 346 1741; x_wconf 82' lang='grc' dir='ltr'><strong>καὶ</strong></span> <span class='ocrx_word' id='word_1_128' title='bbox 371 1705 452 1749; x_wconf 81' lang='grc' dir='ltr'><strong><em>ἐμοὶ</em></strong></span> <span class='ocrx_word' id='word_1_129' title='bbox 477 1706 708 1742; x_wconf 73' lang='grc' dir='ltr'><em>ἐπελεύσεται</em></span> <span class='ocrx_word' id='word_1_130' title='bbox 731 1705 855 1740; x_wconf 84' lang='grc' dir='ltr'><strong><em>θάνα-</em></strong></span> 
     </span>
     <span class='ocr_line' id='line_1_26' title="bbox 42 1752 852 1798; baseline -0.001 -11"><span class='ocrx_word' id='word_1_131' title='bbox 42 1765 118 1792; x_wconf 87' lang='grc' dir='ltr'><strong><em>τος,</em></strong></span> <span class='ocrx_word' id='word_1_132' title='bbox 135 1752 305 1798; x_wconf 83' lang='lat' dir='ltr'><strong>interpres</strong></span> <span class='ocrx_word' id='word_1_133' title='bbox 324 1753 467 1786; x_wconf 79' lang='lat' dir='ltr'><strong>latinus:</strong></span> <span class='ocrx_word' id='word_1_134' title='bbox 492 1754 627 1794; x_wconf 66' lang='lat' dir='ltr'><strong>admit,-</strong></span> <span class='ocrx_word' id='word_1_135' title='bbox 650 1764 852 1798; x_wconf 84' lang='lat' dir='ltr'><strong>germanus.</strong></span> 
     </span>
     <span class='ocr_line' id='line_1_27' title="bbox 41 1799 856 1834; baseline -0.001 -2"><span class='ocrx_word' id='word_1_136' title='bbox 41 1800 126 1833; x_wconf 79' lang='lat' dir='ltr'><strong>doch</strong></span> <span class='ocrx_word' id='word_1_137' title='bbox 151 1800 238 1832; x_wconf 81' lang='lat' dir='ltr'><strong>wird</strong></span> <span class='ocrx_word' id='word_1_138' title='bbox 263 1800 329 1832; x_wconf 80' lang='lat' dir='ltr'><strong>mir</strong></span> <span class='ocrx_word' id='word_1_139' title='bbox 349 1800 444 1832; x_wconf 80' lang='lat' dir='ltr'><strong>nicht</strong></span> <span class='ocrx_word' id='word_1_140' title='bbox 463 1801 598 1833; x_wconf 78' lang='lat' dir='ltr'><strong>minder</strong></span> <span class='ocrx_word' id='word_1_141' title='bbox 621 1801 683 1834; x_wconf 86' lang='lat' dir='ltr'><strong>der</strong></span> <span class='ocrx_word' id='word_1_142' title='bbox 699 1800 760 1832; x_wconf 73' lang='lat' dir='ltr'><strong>tud</strong></span> <span class='ocrx_word' id='word_1_143' title='bbox 783 1799 856 1832; x_wconf 79' lang='lat' dir='ltr'><strong>und</strong></span> 
     </span>
     <span class='ocr_line' id='line_1_28' title="bbox 41 1845 856 1889; baseline -0.001 -10"><span class='ocrx_word' id='word_1_144' title='bbox 41 1846 107 1879; x_wconf 82' lang='lat' dir='ltr'><strong>das</strong></span> <span class='ocrx_word' id='word_1_145' title='bbox 131 1846 232 1878; x_wconf 82' lang='lat' dir='ltr'><strong>harte</strong></span> <span class='ocrx_word' id='word_1_146' title='bbox 253 1846 483 1889; x_wconf 72' lang='lat' dir='ltr'><strong>verhiingnise</strong></span> <span class='ocrx_word' id='word_1_147' title='bbox 510 1846 624 1880; x_wconf 73' lang='lat' dir='ltr'><strong>Nalm.</strong></span> <span class='ocrx_word' id='word_1_148' title='bbox 671 1846 757 1879; x_wconf 87' lang='lat' dir='ltr'><strong>male</strong></span> <span class='ocrx_word' id='word_1_149' title='bbox 780 1845 856 1878; x_wconf 86' lang='lat' dir='ltr'><strong>Ari-</strong></span> 
     </span>
     <span class='ocr_line' id='line_1_29' title="bbox 39 1890 856 1937; baseline 0 -12"><span class='ocrx_word' id='word_1_150' title='bbox 39 1892 213 1926; x_wconf 83' lang='lat' dir='ltr'><strong>starchus:</strong></span> <span class='ocrx_word' id='word_1_151' title='bbox 240 1890 320 1926; x_wconf 81' lang='grc' dir='ltr'><strong><em>αλλ’</em></strong></span> <span class='ocrx_word' id='word_1_152' title='bbox 348 1892 409 1926; x_wconf 61' lang='lat' dir='ltr'><strong>im</strong></span> <span class='ocrx_word' id='word_1_153' title='bbox 433 1905 492 1926; x_wconf 88' lang='grc' dir='ltr'><strong>τοι</strong></span> <span class='ocrx_word' id='word_1_154' title='bbox 514 1911 560 1918; x_wconf 90' lang='grc'><strong>-</strong></span> <span class='ocrx_word' id='word_1_155' title='bbox 582 1890 755 1937; x_wconf 80' lang='grc' dir='ltr'><strong><em>κραταιή,</em></strong></span> <span class='ocrx_word' id='word_1_156' title='bbox 771 1890 856 1925; x_wconf 85' lang='grc' dir='ltr'><strong><em>’Ἐσ-</em></strong></span> 
     </span>
     <span class='ocr_line' id='line_1_30' title="bbox 41 1933 856 1983; baseline -0.001 -10"><span class='ocrx_word' id='word_1_157' title='bbox 41 1950 143 1973; x_wconf 82' lang='grc' dir='ltr'><strong><em>σεται</em></strong></span> <span class='ocrx_word' id='word_1_158' title='bbox 175 1933 199 1982; x_wconf 81' lang='grc' dir='ltr'><em>ἢ</em></span> <span class='ocrx_word' id='word_1_159' title='bbox 232 1936 330 1981; x_wconf 77' lang='grc' dir='ltr'><strong><em>η’ὠς,</em></strong></span> <span class='ocrx_word' id='word_1_160' title='bbox 371 1933 396 1981; x_wconf 81' lang='grc' dir='ltr'><em>ἢ</em></span> <span class='ocrx_word' id='word_1_161' title='bbox 429 1939 528 1983; x_wconf 86' lang='grc' dir='ltr'><strong><em>δείλη</em></strong></span> <span class='ocrx_word' id='word_1_162' title='bbox 561 1946 649 1979; x_wconf 89' lang='lat' dir='ltr'><strong>etc.,</strong></span> <span class='ocrx_word' id='word_1_163' title='bbox 688 1938 856 1983; x_wconf 81' lang='lat' dir='ltr'><strong>siquidem</strong></span> 
     </span>
     <span class='ocr_line' id='line_1_31' title="bbox 40 1982 856 2026; baseline 0 -8"><span class='ocrx_word' id='word_1_164' title='bbox 40 1984 186 2018; x_wconf 87' lang='lat' dir='ltr'><strong>nondum</strong></span> <span class='ocrx_word' id='word_1_165' title='bbox 211 1985 331 2025; x_wconf 75' lang='lat' dir='ltr'><strong>adest,</strong></span> <span class='ocrx_word' id='word_1_166' title='bbox 355 1982 436 2026; x_wconf 70' lang='grc' dir='ltr'>ἔπι,</span> <span class='ocrx_word' id='word_1_167' title='bbox 461 1985 584 2019; x_wconf 81' lang='lat' dir='ltr'><strong>Achilli</strong></span> <span class='ocrx_word' id='word_1_168' title='bbox 607 1996 718 2025; x_wconf 81' lang='lat' dir='ltr'><strong>mors,</strong></span> <span class='ocrx_word' id='word_1_169' title='bbox 752 1985 856 2018; x_wconf 86' lang='lat' dir='ltr'><strong>dure-</strong></span> 
     </span>
     <span class='ocr_line' id='line_1_32' title="bbox 41 2028 855 2076; baseline 0.001 -12"><span class='ocrx_word' id='word_1_170' title='bbox 41 2035 109 2075; x_wconf 79' lang='lat' dir='ltr'><strong>que</strong></span> <span class='ocrx_word' id='word_1_171' title='bbox 133 2030 261 2064; x_wconf 87' lang='lat' dir='ltr'><strong>dictum</strong></span> <span class='ocrx_word' id='word_1_172' title='bbox 287 2035 340 2063; x_wconf 79' lang='lat' dir='ltr'><strong>est</strong></span> <span class='ocrx_word' id='word_1_173' title='bbox 361 2030 501 2067; x_wconf 77' lang='grc' dir='ltr'><strong><em>ἔσσεται</em></strong></span> <span class='ocrx_word' id='word_1_174' title='bbox 520 2028 544 2076; x_wconf 83' lang='grc' dir='ltr'><em>ἢ</em></span> <span class='ocrx_word' id='word_1_175' title='bbox 568 2044 628 2076; x_wconf 86' lang='lat' dir='ltr'><strong>pro</strong></span> <span class='ocrx_word' id='word_1_176' title='bbox 654 2029 678 2076; x_wconf 85' lang='grc' dir='ltr'>ἤ</span> <span class='ocrx_word' id='word_1_177' title='bbox 703 2030 855 2066; x_wconf 76' lang='grc' dir='ltr'><strong><em>ἔσσεται.</em></strong></span> 
     </span>
     <span class='ocr_line' id='line_1_33' title="bbox 42 2075 856 2122; baseline 0 -12"><span class='ocrx_word' id='word_1_178' title='bbox 42 2077 103 2111; x_wconf 78' lang='lat' dir='ltr'><strong>sed</strong></span> <span class='ocrx_word' id='word_1_179' title='bbox 135 2076 344 2110; x_wconf 87' lang='lat' dir='ltr'><strong>nominativo</strong></span> <span class='ocrx_word' id='word_1_180' title='bbox 381 2075 457 2121; x_wconf 76' lang='grc' dir='ltr'><strong>ἠώς</strong></span> <span class='ocrx_word' id='word_1_181' title='bbox 491 2079 631 2112; x_wconf 84' lang='lat' dir='ltr'><strong>verbum</strong></span> <span class='ocrx_word' id='word_1_182' title='bbox 667 2077 856 2122; x_wconf 87' lang='lat' dir='ltr'><strong>quaerebat</strong></span> 
     </span>
     <span class='ocr_line' id='line_1_34' title="bbox 41 2123 852 2177; baseline 0.001 -21"><span class='ocrx_word' id='word_1_183' title='bbox 41 2123 301 2167; x_wconf 81' lang='lat' dir='ltr'><strong>grammaticus,</strong></span> <span class='ocrx_word' id='word_1_184' title='bbox 343 2135 406 2157; x_wconf 90' lang='lat' dir='ltr'><strong>nec</strong></span> <span class='ocrx_word' id='word_1_185' title='bbox 441 2125 756 2177; x_wconf 78' lang='lat' dir='ltr'><strong>animadvertebat,</strong></span> <span class='ocrx_word' id='word_1_186' title='bbox 791 2123 852 2157; x_wconf 88' lang='lat' dir='ltr'><strong>de</strong></span> 
     </span>
     <span class='ocr_line' id='line_1_35' title="bbox 43 2170 854 2222; baseline 0 -20"><span class='ocrx_word' id='word_1_187' title='bbox 43 2176 221 2222; x_wconf 78' lang='lat' dir='ltr'><strong>pravatum</strong></span> <span class='ocrx_word' id='word_1_188' title='bbox 255 2180 331 2202; x_wconf 84' lang='lat' dir='ltr'><strong>esse</strong></span> <span class='ocrx_word' id='word_1_189' title='bbox 361 2173 480 2205; x_wconf 86' lang='lat' dir='ltr'>vocab.</span> <span class='ocrx_word' id='word_1_190' title='bbox 515 2170 612 2214; x_wconf 80' lang='grc' dir='ltr'><strong><em>η’ως,</em></strong></span> <span class='ocrx_word' id='word_1_191' title='bbox 650 2181 724 2204; x_wconf 91' lang='lat' dir='ltr'><strong>cum</strong></span> <span class='ocrx_word' id='word_1_192' title='bbox 750 2172 854 2215; x_wconf 73' lang='lat' dir='ltr'><strong>poeta</strong></span> 
     </span>
     <span class='ocr_line' id='line_1_36' title="bbox 43 2213 852 2260; baseline 0.004 -12"><span class='ocrx_word' id='word_1_193' title='bbox 43 2215 97 2249; x_wconf 83' lang='lat' dir='ltr'><strong>vel</strong></span> <span class='ocrx_word' id='word_1_194' title='bbox 122 2214 268 2248; x_wconf 80' lang='lat' dir='ltr'><strong>dixisset</strong></span> <span class='ocrx_word' id='word_1_195' title='bbox 298 2213 409 2258; x_wconf 84' lang='grc' dir='ltr'><strong><em>ἠοῦς,</em></strong></span> <span class='ocrx_word' id='word_1_196' title='bbox 442 2223 480 2252; x_wconf 84' lang='lat' dir='ltr'><strong>ut</strong></span> <span class='ocrx_word' id='word_1_197' title='bbox 513 2219 653 2260; x_wconf 80' lang='grc' dir='ltr'><strong><em>δείλης,</em></strong></span> <span class='ocrx_word' id='word_1_198' title='bbox 688 2216 744 2250; x_wconf 86' lang='lat' dir='ltr'><strong>vel</strong></span> <span class='ocrx_word' id='word_1_199' title='bbox 777 2216 852 2260; x_wconf 86' lang='grc' dir='ltr'><em>ἠοῖ,</em></span> 
     </span>
     <span class='ocr_line' id='line_1_37' title="bbox 41 2259 854 2307; baseline 0.001 -13"><span class='ocrx_word' id='word_1_200' title='bbox 41 2267 81 2295; x_wconf 86' lang='lat' dir='ltr'><strong>ut</strong></span> <span class='ocrx_word' id='word_1_201' title='bbox 103 2259 169 2304; x_wconf 88' lang='grc' dir='ltr'><strong>ἠοῖ</strong></span> <span class='ocrx_word' id='word_1_202' title='bbox 189 2261 347 2307; x_wconf 78' lang='grc' dir='ltr'><strong><em>προτέρῃ</em></strong></span> <span class='ocrx_word' id='word_1_203' title='bbox 371 2263 423 2304; x_wconf 86' lang='grc' dir='ltr'><strong><em>ν’,</em></strong></span> <span class='ocrx_word' id='word_1_204' title='bbox 448 2264 529 2299; x_wconf 75' lang='lat'><strong>794.</strong></span> <span class='ocrx_word' id='word_1_205' title='bbox 572 2271 750 2307; x_wconf 83' lang='lat' dir='ltr'><strong>utrumque</strong></span> <span class='ocrx_word' id='word_1_206' title='bbox 775 2273 854 2296; x_wconf 84' lang='lat' dir='ltr'><strong>ver-</strong></span> 
     </span>
     <span class='ocr_line' id='line_1_38' title="bbox 40 2307 854 2351; baseline 0 -10"><span class='ocrx_word' id='word_1_207' title='bbox 40 2307 117 2342; x_wconf 87' lang='lat' dir='ltr'><strong>bum</strong></span> <span class='ocrx_word' id='word_1_208' title='bbox 142 2307 294 2351; x_wconf 83' lang='lat' dir='ltr'><strong>proclive</strong></span> <span class='ocrx_word' id='word_1_209' title='bbox 314 2312 367 2342; x_wconf 82' lang='lat' dir='ltr'><strong>est</strong></span> <span class='ocrx_word' id='word_1_210' title='bbox 390 2310 432 2343; x_wconf 86' lang='lat' dir='ltr'><strong>ad</strong></span> <span class='ocrx_word' id='word_1_211' title='bbox 455 2311 563 2344; x_wconf 86' lang='lat' dir='ltr'><strong>labem</strong></span> <span class='ocrx_word' id='word_1_212' title='bbox 589 2309 854 2344; x_wconf 83' lang='lat' dir='ltr'><strong>contrahendam</strong></span> 
     </span>
     <span class='ocr_line' id='line_1_39' title="bbox 41 2353 853 2399; baseline 0.002 -12"><span class='ocrx_word' id='word_1_213' title='bbox 41 2360 185 2399; x_wconf 83' lang='lat' dir='ltr'><strong>propter</strong></span> <span class='ocrx_word' id='word_1_214' title='bbox 208 2353 334 2388; x_wconf 82' lang='lat' dir='ltr'><strong>ductus</strong></span> <span class='ocrx_word' id='word_1_215' title='bbox 356 2355 482 2390; x_wconf 81' lang='lat' dir='ltr'><strong>similes</strong></span> <span class='ocrx_word' id='word_1_216' title='bbox 506 2357 694 2390; x_wconf 85' lang='lat' dir='ltr'><strong>litterarum</strong></span> <span class='ocrx_word' id='word_1_217' title='bbox 720 2368 784 2396; x_wconf 88' lang='lat' dir='ltr'><strong>ov,</strong></span> <span class='ocrx_word' id='word_1_218' title='bbox 810 2368 853 2396; x_wconf 87' lang='grc' dir='ltr'><strong>ω,</strong></span> 
     </span>
     <span class='ocr_line' id='line_1_40' title="bbox 42 2400 854 2452; baseline -0.001 -16"><span class='ocrx_word' id='word_1_219' title='bbox 42 2412 98 2452; x_wconf 56' lang='grc' dir='ltr'><strong>οι,</strong></span> <span class='ocrx_word' id='word_1_220' title='bbox 124 2412 187 2440; x_wconf 86' lang='grc' dir='ltr'><strong>ωι,</strong></span> <span class='ocrx_word' id='word_1_221' title='bbox 213 2412 273 2440; x_wconf 85' lang='grc' dir='ltr'><strong>ως.</strong></span> <span class='ocrx_word' id='word_1_222' title='bbox 321 2401 432 2436; x_wconf 83' lang='lat' dir='ltr'><strong>malim</strong></span> <span class='ocrx_word' id='word_1_223' title='bbox 456 2407 569 2437; x_wconf 73' lang='lat' dir='ltr'><strong>tamen</strong></span> <span class='ocrx_word' id='word_1_224' title='bbox 593 2400 705 2448; x_wconf 80' lang='grc' dir='ltr'><strong><em>ἠοῦς,</em></strong></span> <span class='ocrx_word' id='word_1_225' title='bbox 731 2407 854 2446; x_wconf 82' lang='lat' dir='ltr'><strong>utpote</strong></span> 
     </span>
     <span class='ocr_line' id='line_1_41' title="bbox 41 2443 853 2504; baseline 0 -22"><span class='ocrx_word' id='word_1_226' title='bbox 41 2443 313 2504; x_wconf 68' lang='grc' dir='ltr'><strong>εὐφωνότερον</strong></span> <span class='ocrx_word' id='word_1_227' title='bbox 336 2453 501 2493; x_wconf 77' lang='lat' dir='ltr'><strong>sequente</strong></span> <span class='ocrx_word' id='word_1_228' title='bbox 532 2449 654 2485; x_wconf 85' lang='lat' dir='ltr'><strong>vocali.</strong></span> <span class='ocrx_word' id='word_1_229' title='bbox 700 2454 853 2482; x_wconf 84' lang='lat' dir='ltr'><strong>ceterum</strong></span> 
     </span>
     <span class='ocr_line' id='line_1_42' title="bbox 43 2487 853 2549; baseline 0.001 -23"><span class='ocrx_word' id='word_1_230' title='bbox 43 2493 150 2527; x_wconf 84' lang='lat' dir='ltr'><strong>verba</strong></span> <span class='ocrx_word' id='word_1_231' title='bbox 175 2487 198 2536; x_wconf 82' lang='grc' dir='ltr'><em>ἢ</em></span> <span class='ocrx_word' id='word_1_232' title='bbox 225 2513 263 2517; x_wconf 85' lang='grc'><strong>-</strong></span> <span class='ocrx_word' id='word_1_233' title='bbox 286 2487 386 2548; x_wconf 69' lang='grc' dir='ltr'><strong><em>ἦμαρ</em></strong></span> <span class='ocrx_word' id='word_1_234' title='bbox 410 2495 539 2539; x_wconf 77' lang='lat' dir='ltr'><strong>frigida</strong></span> <span class='ocrx_word' id='word_1_235' title='bbox 562 2495 636 2528; x_wconf 81' lang='lat' dir='ltr'><strong>visa</strong></span> <span class='ocrx_word' id='word_1_236' title='bbox 659 2499 738 2528; x_wconf 82' lang='lat' dir='ltr'><strong>sunt</strong></span> <span class='ocrx_word' id='word_1_237' title='bbox 758 2494 853 2549; x_wconf 85' lang='lat' dir='ltr'><strong>Hey-</strong></span> 
     </span>
     <span class='ocr_line' id='line_1_43' title="bbox 42 2539 854 2586; baseline 0.003 -14"><span class='ocrx_word' id='word_1_238' title='bbox 42 2549 129 2572; x_wconf 84' lang='lat' dir='ltr'><strong>neo.-</strong></span> <span class='ocrx_word' id='word_1_239' title='bbox 157 2551 178 2572; x_wconf 87' lang='lat' dir='ltr'><strong>a</strong></span> <span class='ocrx_word' id='word_1_240' title='bbox 201 2550 268 2583; x_wconf 90' lang='lat' dir='ltr'><strong>quo</strong></span> <span class='ocrx_word' id='word_1_241' title='bbox 291 2539 390 2575; x_wconf 89' lang='lat' dir='ltr'><strong>initio</strong></span> <span class='ocrx_word' id='word_1_242' title='bbox 415 2542 591 2586; x_wconf 78' lang='lat' dir='ltr'><strong>profectus</strong></span> <span class='ocrx_word' id='word_1_243' title='bbox 611 2542 720 2575; x_wconf 75' lang='lat' dir='ltr'><strong>bonus</strong></span> <span class='ocrx_word' id='word_1_244' title='bbox 742 2540 796 2574; x_wconf 69' lang='lat' dir='ltr'><strong>vir</strong></span> <span class='ocrx_word' id='word_1_245' title='bbox 815 2541 854 2574; x_wconf 88' lang='lat' dir='ltr'><strong>P.</strong></span> 
     </span>
     <span class='ocr_line' id='line_1_44' title="bbox 43 2584 856 2632; baseline 0.002 -14"><span class='ocrx_word' id='word_1_246' title='bbox 43 2584 229 2629; x_wconf 74' lang='lat' dir='ltr'><strong>Knightius</strong></span> <span class='ocrx_word' id='word_1_247' title='bbox 253 2591 289 2620; x_wconf 81' lang='lat' dir='ltr'><strong>et</strong></span> <span class='ocrx_word' id='word_1_248' title='bbox 315 2587 404 2621; x_wconf 91' lang='lat' dir='ltr'><strong>hunc</strong></span> <span class='ocrx_word' id='word_1_249' title='bbox 430 2598 563 2622; x_wconf 75' lang='lat' dir='ltr'><strong>versum</strong></span> <span class='ocrx_word' id='word_1_250' title='bbox 588 2593 624 2621; x_wconf 87' lang='lat' dir='ltr'><strong>et</strong></span> <span class='ocrx_word' id='word_1_251' title='bbox 645 2587 713 2621; x_wconf 88' lang='lat' dir='ltr'><strong>duo</strong></span> <span class='ocrx_word' id='word_1_252' title='bbox 738 2586 856 2632; x_wconf 83' lang='lat' dir='ltr'><strong>proxi-</strong></span> 
     </span>
     <span class='ocr_line' id='line_1_45' title="bbox 43 2632 855 2679; baseline 0.002 -15"><span class='ocrx_word' id='word_1_253' title='bbox 43 2641 114 2665; x_wconf 74' lang='lat' dir='ltr'><strong>mos</strong></span> <span class='ocrx_word' id='word_1_254' title='bbox 158 2632 335 2677; x_wconf 82' lang='lat' dir='ltr'><strong>expunxit.</strong></span> <span class='ocrx_word' id='word_1_255' title='bbox 388 2633 658 2679; x_wconf 75' lang='lat' dir='ltr'><strong>„adscripserat</strong></span> <span class='ocrx_word' id='word_1_256' title='bbox 689 2632 855 2678; x_wconf 77' lang='lat' dir='ltr'><strong>aliquis‚“</strong></span> 
     </span>
     <span class='ocr_line' id='line_1_46' title="bbox 44 2675 853 2729; baseline -0.001 -16"><span class='ocrx_word' id='word_1_257' title='bbox 44 2675 168 2729; x_wconf 70' lang='lat' dir='ltr'><strong>inquit,</strong></span> <span class='ocrx_word' id='word_1_258' title='bbox 191 2689 362 2721; x_wconf 82' lang='grc' dir='ltr'><strong><em>,,εσσεται</em></strong></span> <span class='ocrx_word' id='word_1_259' title='bbox 379 2679 422 2713; x_wconf 85' lang='lat' dir='ltr'><strong>ad</strong></span> <span class='ocrx_word' id='word_1_260' title='bbox 441 2678 501 2715; x_wconf 80' lang='grc' dir='ltr'><strong>ἐπι</strong></span> <span class='ocrx_word' id='word_1_261' title='bbox 522 2683 556 2714; x_wconf 90' lang='lat' dir='ltr'><strong>in</strong></span> <span class='ocrx_word' id='word_1_262' title='bbox 577 2691 629 2713; x_wconf 87' lang='lat' dir='ltr'><strong>vs.</strong></span> <span class='ocrx_word' id='word_1_263' title='bbox 649 2680 741 2720; x_wconf 90' lang='grc'><strong>110,</strong></span> <span class='ocrx_word' id='word_1_264' title='bbox 761 2678 853 2725; x_wconf 90' lang='lat' dir='ltr'><strong>quod</strong></span> 
     </span>
     <span class='ocr_line' id='line_1_47' title="bbox 45 2706 852 2772; baseline 0.005 -18.005"><span class='ocrx_word' id='word_1_265' title='bbox 45 2720 80 2754; x_wconf 89' lang='lat' dir='ltr'><strong>in</strong></span> <span class='ocrx_word' id='word_1_266' title='bbox 103 2722 125 2755; x_wconf 82' lang='lat'><strong>3</strong></span> <span class='ocrx_word' id='word_1_267' title='bbox 149 2733 288 2766; x_wconf 66' lang='lat' dir='ltr'><strong>versun,</strong></span> <span class='ocrx_word' id='word_1_268' title='bbox 317 2726 480 2770; x_wconf 84' lang='lat' dir='ltr'><strong>junctura</strong></span> <span class='ocrx_word' id='word_1_269' title='bbox 511 2737 630 2772; x_wconf 86' lang='lat' dir='ltr'><strong>parum</strong></span> <span class='ocrx_word' id='word_1_270' title='bbox 655 2706 772 2759; x_wconf 79' lang='lat' dir='ltr'><strong>subt’ili</strong></span> <span class='ocrx_word' id='word_1_271' title='bbox 796 2737 852 2758; x_wconf 86' lang='lat' dir='ltr'><strong>as-</strong></span> 
     </span>
     <span class='ocr_line' id='line_1_48' title="bbox 45 2770 853 2813; baseline 0.007 -14"><span class='ocrx_word' id='word_1_272' title='bbox 45 2770 154 2809; x_wconf 68' lang='lat' dir='ltr'><strong>sutos,</strong></span> <span class='ocrx_word' id='word_1_273' title='bbox 170 2770 341 2813; x_wconf 78' lang='lat' dir='ltr'><strong>paullatim</strong></span> <span class='ocrx_word' id='word_1_274' title='bbox 360 2774 482 2807; x_wconf 81' lang='lat' dir='ltr'><strong>crevit.</strong></span> <span class='ocrx_word' id='word_1_275' title='bbox 509 2773 725 2807; x_wconf 78' lang='lat' dir='ltr'><strong>Aristarchus</strong></span> <span class='ocrx_word' id='word_1_276' title='bbox 737 2776 853 2806; x_wconf 79' lang='lat' dir='ltr'><strong>sustu-</strong></span> 
     </span>
     <span class='ocr_line' id='line_1_49' title="bbox 48 2811 852 2863; baseline 0.007 -18"><span class='ocrx_word' id='word_1_277' title='bbox 48 2811 88 2846; x_wconf 84' lang='lat' dir='ltr'><strong>lit</strong></span> <span class='ocrx_word' id='word_1_278' title='bbox 111 2824 237 2850; x_wconf 84' lang='lat' dir='ltr'><strong>comma</strong></span> <span class='ocrx_word' id='word_1_279' title='bbox 261 2824 342 2862; x_wconf 77' lang='lat' dir='ltr'><strong>post</strong></span> <span class='ocrx_word' id='word_1_280' title='bbox 365 2830 523 2860; x_wconf 84' lang='grc' dir='ltr'><strong><em>εσσεται,</em></strong></span> <span class='ocrx_word' id='word_1_281' title='bbox 548 2824 584 2853; x_wconf 87' lang='lat' dir='ltr'><strong>et</strong></span> <span class='ocrx_word' id='word_1_282' title='bbox 607 2820 709 2863; x_wconf 82' lang='grc' dir='ltr'>δειλη</span> <span class='ocrx_word' id='word_1_283' title='bbox 733 2818 852 2852; x_wconf 78' lang='lat' dir='ltr'><strong>intulit</strong></span> 
     </span>
     <span class='ocr_line' id='line_1_50' title="bbox 45 2860 848 2917; baseline 0.007 -25"><span class='ocrx_word' id='word_1_284' title='bbox 45 2869 107 2903; x_wconf 83' lang='lat' dir='ltr'><strong>pro</strong></span> <span class='ocrx_word' id='word_1_285' title='bbox 131 2860 272 2905; x_wconf 80' lang='grc' dir='ltr'>δειλης;</span> <span class='ocrx_word' id='word_1_286' title='bbox 304 2868 408 2917; x_wconf 81' lang='lat' dir='ltr'><strong>atque</strong></span> <span class='ocrx_word' id='word_1_287' title='bbox 438 2867 490 2901; x_wconf 82' lang='lat' dir='ltr'><strong>ita</strong></span> <span class='ocrx_word' id='word_1_288' title='bbox 522 2865 656 2901; x_wconf 84' lang='lat' dir='ltr'><strong>omnino</strong></span> <span class='ocrx_word' id='word_1_289' title='bbox 691 2865 848 2899; x_wconf 86' lang='lat' dir='ltr'><strong>scriben-</strong></span> 
     </span>
     <span class='ocr_line' id='line_1_51' title="bbox 44 2905 850 2952; baseline 0.007 -14"><span class='ocrx_word' id='word_1_290' title='bbox 44 2905 122 2938; x_wconf 88' lang='lat' dir='ltr'><strong>dum</strong></span> <span class='ocrx_word' id='word_1_291' title='bbox 154 2906 268 2948; x_wconf 82' lang='lat' dir='ltr'><strong>soret,</strong></span> <span class='ocrx_word' id='word_1_292' title='bbox 300 2909 330 2942; x_wconf 77' lang='lat' dir='ltr'><strong>si</strong></span> <span class='ocrx_word' id='word_1_293' title='bbox 364 2922 483 2946; x_wconf 79' lang='lat' dir='ltr'><strong>versus</strong></span> <span class='ocrx_word' id='word_1_294' title='bbox 513 2911 687 2946; x_wconf 86' lang='lat' dir='ltr'><strong>retinendi</strong></span> <span class='ocrx_word' id='word_1_295' title='bbox 722 2916 850 2952; x_wconf 77' lang='lat' dir='ltr'><strong>essent,</strong></span> 
     </span>
     <span class='ocr_line' id='line_1_52' title="bbox 43 2953 850 2999; baseline 0.009 -15"><span class='ocrx_word' id='word_1_296' title='bbox 43 2955 81 2984; x_wconf 87' lang='lat' dir='ltr'><strong>ut</strong></span> <span class='ocrx_word' id='word_1_297' title='bbox 103 2961 223 2986; x_wconf 68' lang='lat' dir='ltr'><strong>sensu»</strong></span> <span class='ocrx_word' id='word_1_298' title='bbox 246 2953 370 2999; x_wconf 76' lang='lat' dir='ltr'><strong>aliquis</strong></span> <span class='ocrx_word' id='word_1_299' title='bbox 394 2957 651 2992; x_wconf 84' lang='lat' dir='ltr'><strong>extunderetur.</strong></span> <span class='ocrx_word' id='word_1_300' title='bbox 666 2961 690 2978; x_wconf 92' lang='lat'><strong>“</strong></span> <span class='ocrx_word' id='word_1_301' title='bbox 732 2956 850 2991; x_wconf 88' lang='lat' dir='ltr'><strong>mirum</strong></span> 
     </span>
     <span class='ocr_line' id='line_1_53' title="bbox 42 2997 850 3049; baseline 0.012 -21"><span class='ocrx_word' id='word_1_302' title='bbox 42 2997 200 3041; x_wconf 85' lang='lat' dir='ltr'><strong>profecto</strong></span> <span class='ocrx_word' id='word_1_303' title='bbox 231 3010 337 3044; x_wconf 77' lang='lat' dir='ltr'><strong>genus</strong></span> <span class='ocrx_word' id='word_1_304' title='bbox 359 3003 517 3045; x_wconf 77' lang='lat' dir='ltr'><strong>critices,</strong></span> <span class='ocrx_word' id='word_1_305' title='bbox 549 3005 640 3049; x_wconf 89' lang='lat' dir='ltr'><strong>quod</strong></span> <span class='ocrx_word' id='word_1_306' title='bbox 671 3003 762 3039; x_wconf 84' lang='lat' dir='ltr'><strong>tollit</strong></span> <span class='ocrx_word' id='word_1_307' title='bbox 785 3015 850 3038; x_wconf 89' lang='lat' dir='ltr'><strong>non</strong></span> 
     </span>
    </p>
   </div>
   <div class='ocr_carea' id='block_1_12' title="bbox 619 152 1159 195">
    <p class='ocr_par' dir='ltr' id='par_1_14' title="bbox 619 152 1159 195">
     <span class='ocr_line' id='line_1_54' title="bbox 619 152 1159 195; baseline -0.006 0"><span class='ocrx_word' id='word_1_308' title='bbox 619 152 1049 195; x_wconf 85' lang='grc' dir='ltr'><em>ΙΛΙΑΔΟΣ</em></span> <span class='ocrx_word' id='word_1_309' title='bbox 1106 154 1159 193; x_wconf 87' lang='grc' dir='ltr'><strong>Φ.</strong></span> 
     </span>
    </p>
   </div>
   <div class='ocr_carea' id='block_1_13' title="bbox 1629 156 1711 195">
    <p class='ocr_par' dir='ltr' id='par_1_15' title="bbox 1629 156 1711 195">
     <span class='ocr_line' id='line_1_55' title="bbox 1629 156 1711 195; baseline 0 0"><span class='ocrx_word' id='word_1_310' title='bbox 1629 156 1711 195; x_wconf 80' lang='grc'><strong>159</strong></span> 
     </span>
    </p>
   </div>
   <div class='ocr_carea' id='block_1_14' title="bbox 101 260 1492 376">
    <p class='ocr_par' dir='ltr' id='par_1_16' title="bbox 101 260 1492 376">
     <span class='ocr_line' id='line_1_56' title="bbox 213 260 1492 332; baseline -0.001 -27"><span class='ocrx_word' id='word_1_311' title='bbox 213 263 378 317; x_wconf 84' lang='grc' dir='ltr'><strong><em>πατρὸς</em></strong></span> <span class='ocrx_word' id='word_1_312' title='bbox 409 261 452 307; x_wconf 84' lang='grc' dir='ltr'><strong>δ’</strong></span> <span class='ocrx_word' id='word_1_313' title='bbox 484 261 568 317; x_wconf 81' lang='grc' dir='ltr'>ει”μ</span> <span class='ocrx_word' id='word_1_314' title='bbox 601 261 657 318; x_wconf 60' lang='grc' dir='ltr'><strong>ἆ)</strong></span> <span class='ocrx_word' id='word_1_315' title='bbox 661 267 818 313; x_wconf 82' lang='grc' dir='ltr'><strong><em>αθοῖο,</em></strong></span> <span class='ocrx_word' id='word_1_316' title='bbox 848 261 932 305; x_wconf 83' lang='grc' dir='ltr'><strong>θεοὶ</strong></span> <span class='ocrx_word' id='word_1_317' title='bbox 964 260 1012 304; x_wconf 85' lang='grc' dir='ltr'><strong>δέ</strong></span> <span class='ocrx_word' id='word_1_318' title='bbox 1040 277 1094 316; x_wconf 88' lang='grc' dir='ltr'><strong>με</strong></span> <span class='ocrx_word' id='word_1_319' title='bbox 1123 261 1297 315; x_wconf 78' lang='grc' dir='ltr'><strong><em>γείνατο</em></strong></span> <span class='ocrx_word' id='word_1_320' title='bbox 1328 262 1492 332; x_wconf 81' lang='grc' dir='ltr'><strong><em>μήτηρ·</em></strong></span> 
     </span>
     <span class='ocr_line' id='line_1_57' title="bbox 101 318 1469 376; baseline -0.001 -11"><span class='ocrx_word' id='word_1_321' title='bbox 101 326 182 365; x_wconf 88' lang='grc'><strong>110</strong></span> <span class='ocrx_word' id='word_1_322' title='bbox 213 319 311 363; x_wconf 80' lang='grc' dir='ltr'><strong><em>ἀλλ’</em></strong></span> <span class='ocrx_word' id='word_1_323' title='bbox 344 321 413 364; x_wconf 79' lang='grc' dir='ltr'><strong>ἐπί</strong></span> <span class='ocrx_word' id='word_1_324' title='bbox 442 335 508 362; x_wconf 87' lang='grc' dir='ltr'><strong>τοι</strong></span> <span class='ocrx_word' id='word_1_325' title='bbox 537 320 609 362; x_wconf 83' lang='grc' dir='ltr'><strong>καὶ</strong></span> <span class='ocrx_word' id='word_1_326' title='bbox 644 320 741 374; x_wconf 79' lang='grc' dir='ltr'><strong><em>ἐμοὶ</em></strong></span> <span class='ocrx_word' id='word_1_327' title='bbox 770 318 966 368; x_wconf 82' lang='grc' dir='ltr'><strong><em>θάνατος</em></strong></span> <span class='ocrx_word' id='word_1_328' title='bbox 995 319 1069 360; x_wconf 81' lang='grc' dir='ltr'><strong>καὶ</strong></span> <span class='ocrx_word' id='word_1_329' title='bbox 1100 321 1255 376; x_wconf 82' lang='grc' dir='ltr'><strong><em>Μοῖρα</em></strong></span> <span class='ocrx_word' id='word_1_330' title='bbox 1284 319 1469 376; x_wconf 81' lang='grc' dir='ltr'><strong><em>κραταιὴ</em></strong></span> 
     </span>
    </p>
   </div>
   <div class='ocr_carea' id='block_1_15' title="bbox 883 374 1243 430">
    <p class='ocr_par' dir='ltr' id='par_1_17' title="bbox 883 374 1243 430">
     <span class='ocr_line' id='line_1_58' title="bbox 883 374 1243 430; baseline -0.007 -11.655"><span class='ocrx_word' id='word_1_331' title='bbox 883 374 1073 430; x_wconf 74' lang='grc' dir='ltr'><strong><em>νμέσον</em></strong></span> <span class='ocrx_word' id='word_1_332' title='bbox 1103 377 1219 430; x_wconf 83' lang='grc' dir='ltr'><strong><em>ήμαρ</em></strong></span> <span class='ocrx_word' id='word_1_333' title='bbox 1232 408 1243 426; x_wconf 93' lang='grc'><strong>,</strong></span> 
     </span>
    </p>
   </div>
   <div class='ocr_carea' id='block_1_16' title="bbox 211 431 1341 546">
    <p class='ocr_par' dir='ltr' id='par_1_18' title="bbox 211 431 1301 546">
     <span class='ocr_line' id='line_1_59' title="bbox 211 431 1301 489; baseline -0.003 -13"><span class='ocrx_word' id='word_1_334' title='bbox 211 433 374 477; x_wconf 79' lang='grc' dir='ltr'><strong><em>ὁππότε</em></strong></span> <span class='ocrx_word' id='word_1_335' title='bbox 406 450 471 484; x_wconf 84' lang='grc' dir='ltr'><strong>τις</strong></span> <span class='ocrx_word' id='word_1_336' title='bbox 500 433 574 475; x_wconf 86' lang='grc' dir='ltr'><strong>καὶ</strong></span> <span class='ocrx_word' id='word_1_337' title='bbox 603 432 719 489; x_wconf 80' lang='grc' dir='ltr'><strong><em>ἐμεῖο</em></strong></span> <span class='ocrx_word' id='word_1_338' title='bbox 750 432 846 486; x_wconf 78' lang='grc' dir='ltr'>ἅρει</span> <span class='ocrx_word' id='word_1_339' title='bbox 877 432 923 476; x_wconf 80' lang='grc' dir='ltr'><strong>ἐκ</strong></span> <span class='ocrx_word' id='word_1_340' title='bbox 953 431 1102 486; x_wconf 81' lang='grc' dir='ltr'><strong><em>θυμόν</em></strong></span> <span class='ocrx_word' id='word_1_341' title='bbox 1133 431 1301 486; x_wconf 79' lang='grc' dir='ltr'>ἕληται,</span> 
     </span>
     <span class='ocr_line' id='line_1_60' title="bbox 211 487 1341 546; baseline -0.003 -12"><span class='ocrx_word' id='word_1_342' title='bbox 211 489 240 545; x_wconf 82' lang='grc' dir='ltr'><em>ἢ</em></span> <span class='ocrx_word' id='word_1_343' title='bbox 270 490 342 546; x_wconf 80' lang='grc' dir='ltr'><strong>ὅγε</strong></span> <span class='ocrx_word' id='word_1_344' title='bbox 373 490 502 545; x_wconf 83' lang='grc' dir='ltr'><strong><em>δουρὶ</em></strong></span> <span class='ocrx_word' id='word_1_345' title='bbox 532 492 706 545; x_wconf 79' lang='grc' dir='ltr'><strong><em>βαλών,</em></strong></span> <span class='ocrx_word' id='word_1_346' title='bbox 739 489 764 546; x_wconf 83' lang='grc' dir='ltr'><em>ἢ</em></span> <span class='ocrx_word' id='word_1_347' title='bbox 793 488 877 533; x_wconf 80' lang='grc' dir='ltr'><strong>ἀπὸ</strong></span> <span class='ocrx_word' id='word_1_348' title='bbox 907 492 1126 545; x_wconf 82' lang='grc' dir='ltr'><strong>νευρῆφιν</strong></span> <span class='ocrx_word' id='word_1_349' title='bbox 1154 487 1341 545; x_wconf 74' lang='grc' dir='ltr'><strong><em>ὀϊστῷ.“</em></strong></span> 
     </span>
    </p>
   </div>
   <div class='ocr_carea' id='block_1_17' title="bbox 340 578 1391 626">
    <p class='ocr_par' dir='ltr' id='par_1_19' title="bbox 340 578 1391 626">
     <span class='ocr_line' id='line_1_61' title="bbox 340 578 1391 626; baseline -0.002 -11"><span class='ocrx_word' id='word_1_350' title='bbox 340 580 446 615; x_wconf 88' lang='lat' dir='ltr'><strong>occisi</strong></span> <span class='ocrx_word' id='word_1_351' title='bbox 469 592 593 626; x_wconf 84' lang='lat' dir='ltr'><strong>corpus</strong></span> <span class='ocrx_word' id='word_1_352' title='bbox 617 581 769 626; x_wconf 84' lang='lat' dir='ltr'><strong>abjicit</strong></span> <span class='ocrx_word' id='word_1_353' title='bbox 759 593 793 614; x_wconf 85' lang='grc' dir='ltr'><strong>ιιι</strong></span> <span class='ocrx_word' id='word_1_354' title='bbox 817 580 975 622; x_wconf 80' lang='lat' dir='ltr'><strong>fluvium,</strong></span> <span class='ocrx_word' id='word_1_355' title='bbox 999 584 1036 614; x_wconf 87' lang='lat' dir='ltr'><strong>et</strong></span> <span class='ocrx_word' id='word_1_356' title='bbox 1059 580 1234 614; x_wconf 77' lang='lat' dir='ltr'><strong>Xanthum</strong></span> <span class='ocrx_word' id='word_1_357' title='bbox 1255 578 1391 613; x_wconf 83' lang='lat' dir='ltr'><strong>irridet.</strong></span> 
     </span>
    </p>
   </div>
   <div class='ocr_carea' id='block_1_18' title="bbox 104 641 1680 819">
    <p class='ocr_par' dir='ltr' id='par_1_20' title="bbox 104 641 1680 819">
     <span class='ocr_line' id='line_1_62' title="bbox 277 641 1680 720; baseline -0.001 -27.987"><span class='ocrx_word' id='word_1_358' title='bbox 277 649 364 700; x_wconf 63' lang='grc' dir='ltr'><strong>’Ὡς</strong></span> <span class='ocrx_word' id='word_1_359' title='bbox 394 648 533 720; x_wconf 80' lang='grc' dir='ltr'><strong><em>φάτο·</em></strong></span> <span class='ocrx_word' id='word_1_360' title='bbox 567 653 647 719; x_wconf 82' lang='grc' dir='ltr'><strong><em>τοῦ</em></strong></span> <span class='ocrx_word' id='word_1_361' title='bbox 677 646 720 692; x_wconf 83' lang='grc' dir='ltr'><strong>δ’</strong></span> <span class='ocrx_word' id='word_1_362' title='bbox 754 647 895 692; x_wconf 85' lang='grc' dir='ltr'><strong><em>αὐτοῦ</em></strong></span> <span class='ocrx_word' id='word_1_363' title='bbox 923 646 1032 691; x_wconf 83' lang='grc' dir='ltr'><strong><em>λύτο</em></strong></span> <span class='ocrx_word' id='word_1_364' title='bbox 1061 647 1260 702; x_wconf 75' lang='grc' dir='ltr'><strong><em>γούνατα</em></strong></span> <span class='ocrx_word' id='word_1_365' title='bbox 1289 647 1364 690; x_wconf 83' lang='grc' dir='ltr'><strong>καὶ</strong></span> <span class='ocrx_word' id='word_1_366' title='bbox 1394 647 1528 703; x_wconf 87' lang='grc' dir='ltr'><strong><em>φίλον</em></strong></span> <span class='ocrx_word' id='word_1_367' title='bbox 1556 641 1680 704; x_wconf 85' lang='grc' dir='ltr'><strong><em>ἦτορ.</em></strong></span> 
     </span>
     <span class='ocr_line' id='line_1_63' title="bbox 104 703 1444 776; baseline -0.002 -26"><span class='ocrx_word' id='word_1_368' title='bbox 104 709 182 750; x_wconf 88' lang='grc'><strong>115</strong></span> <span class='ocrx_word' id='word_1_369' title='bbox 221 706 341 776; x_wconf 78' lang='grc' dir='ltr'><strong><em>ἔγχος</em></strong></span> <span class='ocrx_word' id='word_1_370' title='bbox 371 706 450 760; x_wconf 84' lang='grc' dir='ltr'><strong>μέν</strong></span> <span class='ocrx_word' id='word_1_371' title='bbox 480 703 526 761; x_wconf 85' lang='grc' dir='ltr'><strong>ῥ’</strong></span> <span class='ocrx_word' id='word_1_372' title='bbox 555 705 770 761; x_wconf 74' lang='grc' dir='ltr'><strong><em>ἀφέηκεν,</em></strong></span> <span class='ocrx_word' id='word_1_373' title='bbox 805 703 830 749; x_wconf 89' lang='grc' dir='ltr'>ὁ</span> <span class='ocrx_word' id='word_1_374' title='bbox 862 704 908 748; x_wconf 84' lang='grc' dir='ltr'><strong>δ’</strong></span> <span class='ocrx_word' id='word_1_375' title='bbox 939 704 1054 757; x_wconf 77' lang='grc' dir='ltr'><strong><em>ἕζετο</em></strong></span> <span class='ocrx_word' id='word_1_376' title='bbox 1084 709 1198 760; x_wconf 88' lang='grc' dir='ltr'><strong><em>χεῖρε</em></strong></span> <span class='ocrx_word' id='word_1_377' title='bbox 1227 703 1444 756; x_wconf 75' lang='grc' dir='ltr'><strong><em>πετάσσας</em></strong></span> 
     </span>
     <span class='ocr_line' id='line_1_64' title="bbox 528 759 1384 819; baseline -0.002 -12.998"><span class='ocrx_word' id='word_1_378' title='bbox 528 761 712 819; x_wconf 77' lang='grc' dir='ltr'>Ἀχιλεὺς</span> <span class='ocrx_word' id='word_1_379' title='bbox 743 763 790 806; x_wconf 83' lang='grc' dir='ltr'><strong>δὲ</strong></span> <span class='ocrx_word' id='word_1_380' title='bbox 820 762 1116 818; x_wconf 81' lang='grc' dir='ltr'><strong><em>ἐρυσσάμενος</em></strong></span> <span class='ocrx_word' id='word_1_381' title='bbox 1147 765 1274 817; x_wconf 83' lang='grc' dir='ltr'><strong><em>ξίφος</em></strong></span> <span class='ocrx_word' id='word_1_382' title='bbox 1305 759 1384 814; x_wconf 80' lang='grc' dir='ltr'><strong>ὀξυ</strong></span> 
     </span>
    </p>
   </div>
   <div class='ocr_carea' id='block_1_19' title="bbox 896 873 1717 1417">
    <p class='ocr_par' dir='ltr' id='par_1_21' title="bbox 896 873 1717 1417">
     <span class='ocr_line' id='line_1_65' title="bbox 899 873 1715 917; baseline -0.004 -7"><span class='ocrx_word' id='word_1_383' title='bbox 899 875 1095 917; x_wconf 82' lang='lat' dir='ltr'><strong>intellecta,</strong></span> <span class='ocrx_word' id='word_1_384' title='bbox 1131 880 1168 909; x_wconf 88' lang='lat' dir='ltr'><strong>et</strong></span> <span class='ocrx_word' id='word_1_385' title='bbox 1196 874 1318 909; x_wconf 85' lang='lat' dir='ltr'><strong>menda</strong></span> <span class='ocrx_word' id='word_1_386' title='bbox 1352 874 1484 909; x_wconf 83' lang='lat' dir='ltr'><strong>mendis</strong></span> <span class='ocrx_word' id='word_1_387' title='bbox 1511 873 1715 908; x_wconf 84' lang='lat' dir='ltr'><strong>accumulat.</strong></span> 
     </span>
     <span class='ocr_line' id='line_1_66' title="bbox 901 921 1717 967; baseline -0.001 -13"><span class='ocrx_word' id='word_1_388' title='bbox 901 922 957 955; x_wconf 89' lang='lat' dir='ltr'><strong>vel</strong></span> <span class='ocrx_word' id='word_1_389' title='bbox 982 934 1098 964; x_wconf 86' lang='lat' dir='ltr'><strong>mane,</strong></span> <span class='ocrx_word' id='word_1_390' title='bbox 1123 922 1179 956; x_wconf 73' lang='lat' dir='ltr'><strong>vel</strong></span> <span class='ocrx_word' id='word_1_391' title='bbox 1204 921 1364 967; x_wconf 84' lang='lat' dir='ltr'><strong>vesperi,</strong></span> <span class='ocrx_word' id='word_1_392' title='bbox 1394 922 1451 955; x_wconf 86' lang='lat' dir='ltr'><strong>vel</strong></span> <span class='ocrx_word' id='word_1_393' title='bbox 1475 921 1622 965; x_wconf 86' lang='lat' dir='ltr'><strong>denique</strong></span> <span class='ocrx_word' id='word_1_394' title='bbox 1646 932 1717 954; x_wconf 88' lang='lat' dir='ltr'><strong>me-</strong></span> 
     </span>
     <span class='ocr_line' id='line_1_67' title="bbox 900 967 1717 1009; baseline -0.002 -8"><span class='ocrx_word' id='word_1_395' title='bbox 900 968 1011 1009; x_wconf 86' lang='lat' dir='ltr'><strong>ridie,</strong></span> <span class='ocrx_word' id='word_1_396' title='bbox 1058 974 1198 1002; x_wconf 85' lang='lat' dir='ltr'><strong>mortem</strong></span> <span class='ocrx_word' id='word_1_397' title='bbox 1239 979 1276 1002; x_wconf 85' lang='lat' dir='ltr'><strong>se</strong></span> <span class='ocrx_word' id='word_1_398' title='bbox 1318 967 1512 1001; x_wconf 86' lang='lat' dir='ltr'><strong>invasuram</strong></span> <span class='ocrx_word' id='word_1_399' title='bbox 1549 978 1625 1000; x_wconf 77' lang='lat' dir='ltr'><strong>esse</strong></span> <span class='ocrx_word' id='word_1_400' title='bbox 1665 967 1717 1000; x_wconf 85' lang='lat' dir='ltr'><strong>ait</strong></span> 
     </span>
     <span class='ocr_line' id='line_1_68' title="bbox 900 1011 1716 1059; baseline -0.004 -12"><span class='ocrx_word' id='word_1_401' title='bbox 900 1015 1070 1055; x_wconf 86' lang='lat' dir='ltr'><strong>Achilles,</strong></span> <span class='ocrx_word' id='word_1_402' title='bbox 1098 1016 1127 1047; x_wconf 86' lang='lat' dir='ltr'><strong>b.</strong></span> <span class='ocrx_word' id='word_1_403' title='bbox 1152 1026 1182 1047; x_wconf 86' lang='lat' dir='ltr'><strong>e.</strong></span> <span class='ocrx_word' id='word_1_404' title='bbox 1207 1014 1362 1059; x_wconf 84' lang='lat' dir='ltr'><strong>quolibet</strong></span> <span class='ocrx_word' id='word_1_405' title='bbox 1382 1019 1547 1058; x_wconf 88' lang='lat' dir='ltr'><strong>tempore.</strong></span> <span class='ocrx_word' id='word_1_406' title='bbox 1580 1011 1662 1057; x_wconf 86' lang='lat' dir='ltr'><strong>quid</strong></span> <span class='ocrx_word' id='word_1_407' title='bbox 1680 1013 1716 1045; x_wconf 90' lang='lat' dir='ltr'><strong>in</strong></span> 
     </span>
     <span class='ocr_line' id='line_1_69' title="bbox 899 1060 1716 1103; baseline -0.001 -11"><span class='ocrx_word' id='word_1_408' title='bbox 899 1060 995 1093; x_wconf 88' lang='lat' dir='ltr'><strong>hisce</strong></span> <span class='ocrx_word' id='word_1_409' title='bbox 1024 1061 1107 1093; x_wconf 82' lang='lat' dir='ltr'><strong>insit</strong></span> <span class='ocrx_word' id='word_1_410' title='bbox 1132 1060 1294 1103; x_wconf 81' lang='lat' dir='ltr'><strong>frigoris,</strong></span> <span class='ocrx_word' id='word_1_411' title='bbox 1328 1072 1393 1093; x_wconf 91' lang='lat' dir='ltr'><strong>non</strong></span> <span class='ocrx_word' id='word_1_412' title='bbox 1422 1072 1506 1093; x_wconf 55' lang='lat' dir='ltr'><strong>sune</strong></span> <span class='ocrx_word' id='word_1_413' title='bbox 1536 1060 1716 1102; x_wconf 77' lang='lat' dir='ltr'><strong>intellig03</strong></span> 
     </span>
     <span class='ocr_line' id='line_1_70' title="bbox 899 1106 1715 1149; baseline -0.001 -10"><span class='ocrx_word' id='word_1_414' title='bbox 899 1106 965 1138; x_wconf 75' lang='lat' dir='ltr'><strong>nisi</strong></span> <span class='ocrx_word' id='word_1_415' title='bbox 985 1106 1075 1139; x_wconf 88' lang='lat' dir='ltr'><strong>forte</strong></span> <span class='ocrx_word' id='word_1_416' title='bbox 1102 1112 1138 1139; x_wconf 88' lang='lat' dir='ltr'><strong>et</strong></span> <span class='ocrx_word' id='word_1_417' title='bbox 1158 1106 1320 1139; x_wconf 87' lang='lat' dir='ltr'><strong>Plautina</strong></span> <span class='ocrx_word' id='word_1_418' title='bbox 1346 1106 1405 1139; x_wconf 90' lang='lat' dir='ltr'><strong>illa</strong></span> <span class='ocrx_word' id='word_1_419' title='bbox 1432 1107 1563 1149; x_wconf 82' lang='lat' dir='ltr'><strong>frigent</strong></span> <span class='ocrx_word' id='word_1_420' title='bbox 1581 1106 1715 1138; x_wconf 85' lang='lat' dir='ltr'><strong>Curcu-</strong></span> 
     </span>
     <span class='ocr_line' id='line_1_71' title="bbox 900 1151 1715 1196; baseline -0.001 -12"><span class='ocrx_word' id='word_1_421' title='bbox 900 1151 992 1184; x_wconf 85' lang='lat' dir='ltr'><strong>lione</strong></span> <span class='ocrx_word' id='word_1_422' title='bbox 1023 1152 1150 1196; x_wconf 85' lang='lat' dir='ltr'><strong>prima:</strong></span> <span class='ocrx_word' id='word_1_423' title='bbox 1188 1164 1252 1194; x_wconf 86' lang='lat' dir='ltr'><strong>quo</strong></span> <span class='ocrx_word' id='word_1_424' title='bbox 1283 1153 1393 1185; x_wconf 82' lang='lat' dir='ltr'><strong>Venus</strong></span> <span class='ocrx_word' id='word_1_425' title='bbox 1419 1153 1618 1195; x_wconf 82' lang='lat' dir='ltr'><strong>Cupidoque</strong></span> <span class='ocrx_word' id='word_1_426' title='bbox 1650 1152 1715 1183; x_wconf 74' lang='lat' dir='ltr'><strong>i&#39;m-</strong></span> 
     </span>
     <span class='ocr_line' id='line_1_72' title="bbox 896 1197 1715 1242; baseline 0 -12"><span class='ocrx_word' id='word_1_427' title='bbox 896 1203 1043 1241; x_wconf 78' lang='lat' dir='ltr'><strong>perant,</strong></span> <span class='ocrx_word' id='word_1_428' title='bbox 1067 1199 1257 1242; x_wconf 74' lang='lat' dir='ltr'><strong>suadetque</strong></span> <span class='ocrx_word' id='word_1_429' title='bbox 1283 1200 1398 1232; x_wconf 85' lang='lat' dir='ltr'><strong>Amor.</strong></span> <span class='ocrx_word' id='word_1_430' title='bbox 1447 1199 1487 1231; x_wconf 77' lang='lat' dir='ltr'><strong>si</strong></span> <span class='ocrx_word' id='word_1_431' title='bbox 1511 1197 1622 1231; x_wconf 86' lang='lat' dir='ltr'><strong>media</strong></span> <span class='ocrx_word' id='word_1_432' title='bbox 1649 1208 1715 1230; x_wconf 82' lang='lat' dir='ltr'><strong>nox</strong></span> 
     </span>
     <span class='ocr_line' id='line_1_73' title="bbox 900 1244 1717 1288; baseline -0.001 -11"><span class='ocrx_word' id='word_1_433' title='bbox 900 1251 976 1284; x_wconf 86' lang='lat' dir='ltr'><strong>est,</strong></span> <span class='ocrx_word' id='word_1_434' title='bbox 1009 1244 1084 1277; x_wconf 85' lang='lat' dir='ltr'><strong>sive</strong></span> <span class='ocrx_word' id='word_1_435' title='bbox 1107 1251 1159 1277; x_wconf 86' lang='lat' dir='ltr'><strong>est</strong></span> <span class='ocrx_word' id='word_1_436' title='bbox 1187 1244 1298 1288; x_wconf 90' lang='lat' dir='ltr'><strong>prima</strong></span> <span class='ocrx_word' id='word_1_437' title='bbox 1326 1256 1490 1288; x_wconf 78' lang='lat' dir='ltr'><strong>vespera,</strong></span> <span class='ocrx_word' id='word_1_438' title='bbox 1533 1245 1572 1277; x_wconf 70' lang='lat' dir='ltr'><strong>si</strong></span> <span class='ocrx_word' id='word_1_439' title='bbox 1603 1248 1717 1277; x_wconf 79' lang='lat' dir='ltr'><strong>status</strong></span> 
     </span>
     <span class='ocr_line' id='line_1_74' title="bbox 900 1290 1716 1331; baseline 0.001 -10"><span class='ocrx_word' id='word_1_440' title='bbox 900 1290 1073 1324; x_wconf 71' lang='lat' dir='ltr'><strong>condictus</strong></span> <span class='ocrx_word' id='word_1_441' title='bbox 1097 1302 1173 1323; x_wconf 88' lang='lat' dir='ltr'><strong>cum</strong></span> <span class='ocrx_word' id='word_1_442' title='bbox 1198 1292 1293 1324; x_wconf 79' lang='lat' dir='ltr'><strong>hoste</strong></span> <span class='ocrx_word' id='word_1_443' title='bbox 1314 1292 1496 1324; x_wconf 81' lang='lat' dir='ltr'><strong>intercedit</strong></span> <span class='ocrx_word' id='word_1_444' title='bbox 1520 1291 1614 1331; x_wconf 74' lang='grc' dir='ltr'><strong><em>άὶεε,</em></strong></span> <span class='ocrx_word' id='word_1_445' title='bbox 1645 1291 1716 1323; x_wconf 81' lang='grc' dir='ltr'><strong>Τα-</strong></span> 
     </span>
     <span class='ocr_line' id='line_1_75' title="bbox 899 1337 1716 1381; baseline -0.002 -11"><span class='ocrx_word' id='word_1_446' title='bbox 899 1348 977 1370; x_wconf 79' lang='lat' dir='ltr'><strong>men</strong></span> <span class='ocrx_word' id='word_1_447' title='bbox 1001 1343 1051 1370; x_wconf 84' lang='lat' dir='ltr'><strong>est</strong></span> <span class='ocrx_word' id='word_1_448' title='bbox 1076 1338 1244 1377; x_wconf 83' lang='lat' dir='ltr'><strong>eundum,</strong></span> <span class='ocrx_word' id='word_1_449' title='bbox 1276 1349 1341 1381; x_wconf 81' lang='lat' dir='ltr'><strong>quo</strong></span> <span class='ocrx_word' id='word_1_450' title='bbox 1365 1338 1557 1381; x_wconf 80' lang='lat' dir='ltr'><strong>imperant,</strong></span> <span class='ocrx_word' id='word_1_451' title='bbox 1590 1337 1716 1381; x_wconf 82' lang='lat' dir='ltr'><strong>ingra-</strong></span> 
     </span>
     <span class='ocr_line' id='line_1_76' title="bbox 899 1382 1717 1417; baseline 0 -2"><span class='ocrx_word' id='word_1_452' title='bbox 899 1384 969 1416; x_wconf 81' lang='lat' dir='ltr'><strong>tiis.</strong></span> <span class='ocrx_word' id='word_1_453' title='bbox 990 1402 1034 1406; x_wconf 98' lang='lat'><strong>—</strong></span> <span class='ocrx_word' id='word_1_454' title='bbox 1069 1392 1169 1416; x_wconf 82' lang='lat' dir='ltr'><strong>notus</strong></span> <span class='ocrx_word' id='word_1_455' title='bbox 1187 1388 1241 1416; x_wconf 89' lang='lat' dir='ltr'><strong>est</strong></span> <span class='ocrx_word' id='word_1_456' title='bbox 1263 1391 1374 1417; x_wconf 83' lang='lat' dir='ltr'><strong>autem</strong></span> <span class='ocrx_word' id='word_1_457' title='bbox 1397 1394 1478 1417; x_wconf 75' lang='lat' dir='ltr'><strong>usus</strong></span> <span class='ocrx_word' id='word_1_458' title='bbox 1505 1385 1610 1416; x_wconf 83' lang='lat' dir='ltr'><strong>trium</strong></span> <span class='ocrx_word' id='word_1_459' title='bbox 1639 1382 1717 1416; x_wconf 89' lang='lat' dir='ltr'><strong>illo-</strong></span> 
     </span>
    </p>
   </div>
   <div class='ocr_carea' id='block_1_20' title="bbox 900 1427 1716 1518">
    <p class='ocr_par' dir='ltr' id='par_1_22' title="bbox 900 1427 1716 1518">
     <span class='ocr_line' id='line_1_77' title="bbox 900 1427 1716 1473; baseline 0.002 -12"><span class='ocrx_word' id='word_1_460' title='bbox 900 1440 971 1462; x_wconf 91' lang='lat' dir='ltr'><strong>rum</strong></span> <span class='ocrx_word' id='word_1_461' title='bbox 993 1440 1131 1462; x_wconf 86' lang='lat' dir='ltr'><strong>casuum</strong></span> <span class='ocrx_word' id='word_1_462' title='bbox 1152 1430 1187 1462; x_wconf 90' lang='lat' dir='ltr'><strong>in</strong></span> <span class='ocrx_word' id='word_1_463' title='bbox 1207 1436 1361 1473; x_wconf 85' lang='lat' dir='ltr'><strong>tempore</strong></span> <span class='ocrx_word' id='word_1_464' title='bbox 1378 1429 1587 1463; x_wconf 81' lang='lat' dir='ltr'><strong>definiendo.</strong></span> <span class='ocrx_word' id='word_1_465' title='bbox 1621 1440 1656 1462; x_wconf 82' lang='lat' dir='ltr'><strong>v.</strong></span> <span class='ocrx_word' id='word_1_466' title='bbox 1674 1427 1716 1471; x_wconf 77' lang='grc' dir='ltr'><strong>ε’,</strong></span> 
     </span>
     <span class='ocr_line' id='line_1_78' title="bbox 900 1475 1567 1518; baseline -0.001 -9"><span class='ocrx_word' id='word_1_467' title='bbox 900 1476 990 1515; x_wconf 72' lang='grc'><strong>523,</strong></span> <span class='ocrx_word' id='word_1_468' title='bbox 1018 1475 1143 1509; x_wconf 79' lang='lat' dir='ltr'><strong>Matth.</strong></span> <span class='ocrx_word' id='word_1_469' title='bbox 1166 1477 1222 1518; x_wconf 64' lang='grc' dir='ltr'><strong>ἓξ.</strong></span> <span class='ocrx_word' id='word_1_470' title='bbox 1245 1476 1332 1518; x_wconf 82' lang='lat'><strong>405,</strong></span> <span class='ocrx_word' id='word_1_471' title='bbox 1352 1477 1394 1517; x_wconf 85' lang='grc'><strong>8,</strong></span> <span class='ocrx_word' id='word_1_472' title='bbox 1421 1475 1507 1517; x_wconf 73' lang='grc' dir='ltr'><strong>4Ξ4,</strong></span> <span class='ocrx_word' id='word_1_473' title='bbox 1534 1476 1567 1511; x_wconf 89' lang='grc'><strong>3.</strong></span> 
     </span>
    </p>
   </div>
   <div class='ocr_carea' id='block_1_21' title="bbox 900 1541 1718 1913">
    <p class='ocr_par' dir='ltr' id='par_1_23' title="bbox 900 1541 1718 1913">
     <span class='ocr_line' id='line_1_79' title="bbox 951 1541 1716 1588; baseline -0.001 -11"><span class='ocrx_word' id='word_1_474' title='bbox 951 1544 1036 1585; x_wconf 76' lang='grc'><strong>112,</strong></span> <span class='ocrx_word' id='word_1_475' title='bbox 1065 1544 1140 1578; x_wconf 87' lang='grc'><strong>113.</strong></span> <span class='ocrx_word' id='word_1_476' title='bbox 1177 1541 1301 1586; x_wconf 82' lang='grc' dir='ltr'>ἅρει,</span> <span class='ocrx_word' id='word_1_477' title='bbox 1326 1544 1426 1584; x_wconf 83' lang='lat' dir='ltr'><strong>bello,</strong></span> <span class='ocrx_word' id='word_1_478' title='bbox 1450 1544 1519 1588; x_wconf 85' lang='lat' dir='ltr'><strong>aliq</strong></span> <span class='ocrx_word' id='word_1_479' title='bbox 1522 1543 1716 1585; x_wconf 85' lang='lat' dir='ltr'><strong>uotMSS.‚</strong></span> 
     </span>
     <span class='ocr_line' id='line_1_80' title="bbox 902 1588 1713 1646; baseline 0.002 -24"><span class='ocrx_word' id='word_1_480' title='bbox 902 1588 1007 1631; x_wconf 89' lang='lat' dir='ltr'><strong>Rom,</strong></span> <span class='ocrx_word' id='word_1_481' title='bbox 1032 1589 1175 1645; x_wconf 56' lang='lat' dir='ltr'><strong>steph„</strong></span> <span class='ocrx_word' id='word_1_482' title='bbox 1201 1591 1265 1629; x_wconf 88' lang='lat' dir='ltr'><strong>W,</strong></span> <span class='ocrx_word' id='word_1_483' title='bbox 1291 1590 1348 1631; x_wconf 87' lang='lat' dir='ltr'><strong>H.‚</strong></span> <span class='ocrx_word' id='word_1_484' title='bbox 1373 1589 1479 1631; x_wconf 70' lang='lat' dir='ltr'><strong>uts&#39;,</strong></span> <span class='ocrx_word' id='word_1_485' title='bbox 1502 1592 1583 1625; x_wconf 85' lang='grc'><strong>757.</strong></span> <span class='ocrx_word' id='word_1_486' title='bbox 1608 1590 1713 1646; x_wconf 80' lang='lat' dir='ltr'><strong>vulgo</strong></span> 
     </span>
     <span class='ocr_line' id='line_1_81' title="bbox 901 1633 1717 1692; baseline 0.004 -24"><span class='ocrx_word' id='word_1_487' title='bbox 901 1636 1001 1669; x_wconf 89' lang='lat' dir='ltr'><strong>codd.</strong></span> <span class='ocrx_word' id='word_1_488' title='bbox 1026 1633 1109 1692; x_wconf 69' lang='grc' dir='ltr'><strong><em>ἄρῃ,</em></strong></span> <span class='ocrx_word' id='word_1_489' title='bbox 1136 1638 1226 1681; x_wconf 89' lang='lat' dir='ltr'><strong>quod</strong></span> <span class='ocrx_word' id='word_1_490' title='bbox 1245 1637 1344 1670; x_wconf 83' lang='grc' dir='ltr'>Ηοιιι.</span> <span class='ocrx_word' id='word_1_491' title='bbox 1368 1637 1459 1670; x_wconf 87' lang='lat' dir='ltr'><strong>solet</strong></span> <span class='ocrx_word' id='word_1_492' title='bbox 1477 1637 1594 1670; x_wconf 89' lang='lat' dir='ltr'><strong>dicere</strong></span> <span class='ocrx_word' id='word_1_493' title='bbox 1615 1634 1717 1681; x_wconf 78' lang='grc' dir='ltr'><strong><em>ἄρηϊ.</em></strong></span> 
     </span>
     <span class='ocr_line' id='line_1_82' title="bbox 901 1680 1716 1727; baseline 0.002 -11"><span class='ocrx_word' id='word_1_494' title='bbox 901 1680 1058 1717; x_wconf 71' lang='grc' dir='ltr'><em>-ἆπὸ</em></span> <span class='ocrx_word' id='word_1_495' title='bbox 1095 1695 1218 1726; x_wconf 85' lang='grc' dir='ltr'><strong><em>νενρ</em></strong></span> <span class='ocrx_word' id='word_1_496' title='bbox 1244 1680 1398 1727; x_wconf 78' lang='grc' dir='ltr'><strong><em>ὀϊστῷ.</em></strong></span> <span class='ocrx_word' id='word_1_497' title='bbox 1431 1682 1493 1725; x_wconf 89' lang='grc' dir='ltr'><strong>θ’,</strong></span> <span class='ocrx_word' id='word_1_498' title='bbox 1517 1684 1607 1724; x_wconf 86' lang='grc'><strong>300,</strong></span> <span class='ocrx_word' id='word_1_499' title='bbox 1634 1684 1716 1724; x_wconf 85' lang='grc'><strong>309,</strong></span> 
     </span>
     <span class='ocr_line' id='line_1_83' title="bbox 901 1717 1718 1773; baseline 0.001 -11"><span class='ocrx_word' id='word_1_500' title='bbox 901 1725 932 1762; x_wconf 91' lang='grc' dir='ltr'><strong>ν’</strong></span> <span class='ocrx_word' id='word_1_501' title='bbox 944 1730 1053 1769; x_wconf 91' lang='grc'><strong>,.585</strong></span> <span class='ocrx_word' id='word_1_502' title='bbox 1081 1729 1210 1773; x_wconf 49' lang='lat' dir='ltr'><strong>odyss.</strong></span> <span class='ocrx_word' id='word_1_503' title='bbox 1232 1729 1282 1770; x_wconf 87' lang='grc' dir='ltr'><strong>λ’,</strong></span> <span class='ocrx_word' id='word_1_504' title='bbox 1304 1717 1382 1765; x_wconf 91' lang='grc'><strong>606.</strong></span> <span class='ocrx_word' id='word_1_505' title='bbox 1413 1730 1457 1763; x_wconf 88' lang='lat' dir='ltr'><strong>de</strong></span> <span class='ocrx_word' id='word_1_506' title='bbox 1478 1731 1597 1763; x_wconf 83' lang='lat' dir='ltr'><strong>umbra</strong></span> <span class='ocrx_word' id='word_1_507' title='bbox 1623 1729 1718 1763; x_wconf 87' lang='lat' dir='ltr'><strong>Her-</strong></span> 
     </span>
     <span class='ocr_line' id='line_1_84' title="bbox 902 1753 1717 1833; baseline 0.004 -25"><span class='ocrx_word' id='word_1_508' title='bbox 902 1753 987 1808; x_wconf 86' lang='lat' dir='ltr'><strong>culis</strong></span> <span class='ocrx_word' id='word_1_509' title='bbox 999 1775 1107 1831; x_wconf 90' lang='lat' dir='ltr'><strong>apud</strong></span> <span class='ocrx_word' id='word_1_510' title='bbox 1137 1775 1287 1809; x_wconf 85' lang='lat' dir='ltr'><strong>Inferos.</strong></span> <span class='ocrx_word' id='word_1_511' title='bbox 1322 1773 1341 1809; x_wconf 85' lang='grc' dir='ltr'>ὁ</span> <span class='ocrx_word' id='word_1_512' title='bbox 1369 1775 1408 1810; x_wconf 76' lang='grc' dir='ltr'><strong>δ’</strong></span> <span class='ocrx_word' id='word_1_513' title='bbox 1423 1774 1577 1833; x_wconf 75' lang='grc' dir='ltr'><strong><em>ἐρεμνῇ</em></strong></span> <span class='ocrx_word' id='word_1_514' title='bbox 1607 1775 1717 1811; x_wconf 77' lang='grc' dir='ltr'><strong><em>νυκτὶ</em></strong></span> 
     </span>
     <span class='ocr_line' id='line_1_85' title="bbox 901 1819 1717 1867; baseline 0.004 -12"><span class='ocrx_word' id='word_1_515' title='bbox 901 1819 1050 1862; x_wconf 67' lang='grc' dir='ltr'>ἐοικώς,</span> <span class='ocrx_word' id='word_1_516' title='bbox 1091 1822 1242 1864; x_wconf 87' lang='grc' dir='ltr'><strong><em>Γυμνὸν</em></strong></span> <span class='ocrx_word' id='word_1_517' title='bbox 1274 1820 1385 1866; x_wconf 80' lang='grc' dir='ltr'><strong><em>τόξον</em></strong></span> <span class='ocrx_word' id='word_1_518' title='bbox 1419 1821 1533 1867; x_wconf 69' lang='grc' dir='ltr'><strong><em>ἔχων,</em></strong></span> <span class='ocrx_word' id='word_1_519' title='bbox 1568 1822 1630 1858; x_wconf 78' lang='grc' dir='ltr'><strong>καὶ</strong></span> <span class='ocrx_word' id='word_1_520' title='bbox 1655 1820 1717 1858; x_wconf 72' lang='grc' dir='ltr'><strong>ἐπὶ</strong></span> 
     </span>
     <span class='ocr_line' id='line_1_86' title="bbox 900 1867 1244 1913; baseline 0.003 -12"><span class='ocrx_word' id='word_1_521' title='bbox 900 1868 1082 1913; x_wconf 78' lang='grc' dir='ltr'><strong>νευρῆφιν</strong></span> <span class='ocrx_word' id='word_1_522' title='bbox 1105 1867 1244 1903; x_wconf 80' lang='grc' dir='ltr'><strong><em>ὀίστόν.</em></strong></span> 
     </span>
    </p>
   </div>
   <div class='ocr_carea' id='block_1_22' title="bbox 897 1924 1718 2854">
    <p class='ocr_par' dir='ltr' id='par_1_24' title="bbox 897 1924 1717 2854">
     <span class='ocr_line' id='line_1_87' title="bbox 950 1924 1717 1972; baseline 0.003 -12"><span class='ocrx_word' id='word_1_523' title='bbox 950 1925 1028 1960; x_wconf 83' lang='grc'><strong>114.</strong></span> <span class='ocrx_word' id='word_1_524' title='bbox 1054 1924 1232 1970; x_wconf 77' lang='grc' dir='ltr'><strong><em>αὐτοῦ,</em></strong></span> <span class='ocrx_word' id='word_1_525' title='bbox 1260 1925 1330 1960; x_wconf 87' lang='lat' dir='ltr'><strong>ibi:</strong></span> <span class='ocrx_word' id='word_1_526' title='bbox 1359 1926 1471 1967; x_wconf 78' lang='lat' dir='ltr'><strong>illico,</strong></span> <span class='ocrx_word' id='word_1_527' title='bbox 1496 1926 1717 1972; x_wconf 86' lang='lat' dir='ltr'><strong>quemadmo-</strong></span> 
     </span>
     <span class='ocr_line' id='line_1_88' title="bbox 903 1972 1716 2019; baseline 0.005 -15"><span class='ocrx_word' id='word_1_528' title='bbox 903 1972 979 2005; x_wconf 91' lang='lat' dir='ltr'><strong>dum</strong></span> <span class='ocrx_word' id='word_1_529' title='bbox 1010 1980 1180 2017; x_wconf 78' lang='lat' dir='ltr'><strong>cognatae</strong></span> <span class='ocrx_word' id='word_1_530' title='bbox 1206 1978 1286 2007; x_wconf 87' lang='lat' dir='ltr'><strong>sunt</strong></span> <span class='ocrx_word' id='word_1_531' title='bbox 1310 1973 1379 2007; x_wconf 86' lang='grc' dir='ltr'><strong>1οοί</strong></span> <span class='ocrx_word' id='word_1_532' title='bbox 1403 1981 1439 2008; x_wconf 84' lang='lat' dir='ltr'><strong>et</strong></span> <span class='ocrx_word' id='word_1_533' title='bbox 1467 1974 1632 2019; x_wconf 76' lang='lat' dir='ltr'><strong>temporis</strong></span> <span class='ocrx_word' id='word_1_534' title='bbox 1652 1986 1716 2008; x_wconf 89' lang='lat' dir='ltr'><strong>no-</strong></span> 
     </span>
     <span class='ocr_line' id='line_1_89' title="bbox 901 2018 1716 2074; baseline 0.006 -23"><span class='ocrx_word' id='word_1_535' title='bbox 901 2018 1036 2060; x_wconf 85' lang='lat' dir='ltr'><strong>tiones,</strong></span> <span class='ocrx_word' id='word_1_536' title='bbox 1062 2019 1270 2074; x_wconf 80' lang='lat' dir='ltr'><strong>verbumque</strong></span> <span class='ocrx_word' id='word_1_537' title='bbox 1291 2019 1413 2055; x_wconf 76' lang='grc' dir='ltr'><strong><em>αὐτοῦ</em></strong></span> <span class='ocrx_word' id='word_1_538' title='bbox 1440 2026 1476 2054; x_wconf 89' lang='lat' dir='ltr'><strong>et</strong></span> <span class='ocrx_word' id='word_1_539' title='bbox 1505 2022 1627 2056; x_wconf 82' lang='grc' dir='ltr'><strong><em>αυτοῦ</em></strong></span> <span class='ocrx_word' id='word_1_540' title='bbox 1654 2019 1716 2056; x_wconf 83' lang='grc' dir='ltr'><strong><em>τό·</em></strong></span> 
     </span>
     <span class='ocr_line' id='line_1_90' title="bbox 901 2062 1715 2121; baseline 0.004 -23"><span class='ocrx_word' id='word_1_541' title='bbox 901 2076 973 2098; x_wconf 83' lang='grc' dir='ltr'><strong>που</strong></span> <span class='ocrx_word' id='word_1_542' title='bbox 1011 2071 1047 2098; x_wconf 84' lang='lat' dir='ltr'><strong>et</strong></span> <span class='ocrx_word' id='word_1_543' title='bbox 1078 2062 1197 2101; x_wconf 78' lang='grc' dir='ltr'><strong><em>αυτοῦ</em></strong></span> <span class='ocrx_word' id='word_1_544' title='bbox 1228 2067 1365 2121; x_wconf 80' lang='grc' dir='ltr'><strong><em>χρονου</em></strong></span> <span class='ocrx_word' id='word_1_545' title='bbox 1406 2065 1553 2111; x_wconf 79' lang='lat' dir='ltr'><strong>intelligi</strong></span> <span class='ocrx_word' id='word_1_546' title='bbox 1587 2072 1715 2111; x_wconf 80' lang='lat' dir='ltr'><strong>potest,</strong></span> 
     </span>
     <span class='ocr_line' id='line_1_91' title="bbox 900 2110 1715 2158; baseline 0.005 -15"><span class='ocrx_word' id='word_1_547' title='bbox 900 2110 974 2144; x_wconf 86' lang='lat' dir='ltr'><strong>sive</strong></span> <span class='ocrx_word' id='word_1_548' title='bbox 1002 2111 1116 2155; x_wconf 86' lang='lat' dir='ltr'><strong>potius</strong></span> <span class='ocrx_word' id='word_1_549' title='bbox 1136 2111 1266 2146; x_wconf 82' lang='lat' dir='ltr'><strong>indicat</strong></span> <span class='ocrx_word' id='word_1_550' title='bbox 1282 2110 1375 2147; x_wconf 82' lang='grc' dir='ltr'><strong><em>αὐτό</em></strong></span> <span class='ocrx_word' id='word_1_551' title='bbox 1404 2126 1462 2154; x_wconf 86' lang='grc' dir='ltr'><strong>τι,</strong></span> <span class='ocrx_word' id='word_1_552' title='bbox 1497 2113 1606 2158; x_wconf 88' lang='lat' dir='ltr'><strong>ipsum</strong></span> <span class='ocrx_word' id='word_1_553' title='bbox 1630 2113 1715 2147; x_wconf 89' lang='lat' dir='ltr'><strong>illud</strong></span> 
     </span>
     <span class='ocr_line' id='line_1_92' title="bbox 900 2157 1715 2205; baseline 0.004 -14"><span class='ocrx_word' id='word_1_554' title='bbox 900 2157 1112 2201; x_wconf 83' lang='lat' dir='ltr'><strong>conjunctum</strong></span> <span class='ocrx_word' id='word_1_555' title='bbox 1145 2170 1220 2192; x_wconf 87' lang='lat' dir='ltr'><strong>cum</strong></span> <span class='ocrx_word' id='word_1_556' title='bbox 1251 2159 1407 2201; x_wconf 82' lang='lat' dir='ltr'><strong>actione,</strong></span> <span class='ocrx_word' id='word_1_557' title='bbox 1452 2171 1542 2205; x_wconf 87' lang='lat' dir='ltr'><strong>quae</strong></span> <span class='ocrx_word' id='word_1_558' title='bbox 1575 2159 1715 2202; x_wconf 86' lang='lat' dir='ltr'><strong>dicitur,</strong></span> 
     </span>
     <span class='ocr_line' id='line_1_93' title="bbox 900 2203 1715 2251; baseline 0.005 -15"><span class='ocrx_word' id='word_1_559' title='bbox 900 2203 933 2236; x_wconf 89' lang='lat' dir='ltr'><strong>h.</strong></span> <span class='ocrx_word' id='word_1_560' title='bbox 958 2216 987 2236; x_wconf 92' lang='lat' dir='ltr'><strong>e.</strong></span> <span class='ocrx_word' id='word_1_561' title='bbox 1007 2203 1117 2238; x_wconf 85' lang='lat' dir='ltr'><strong>lucum</strong></span> <span class='ocrx_word' id='word_1_562' title='bbox 1141 2206 1196 2238; x_wconf 87' lang='lat' dir='ltr'><strong>vel</strong></span> <span class='ocrx_word' id='word_1_563' title='bbox 1218 2210 1362 2250; x_wconf 80' lang='lat' dir='ltr'><strong>tempus.</strong></span> <span class='ocrx_word' id='word_1_564' title='bbox 1398 2205 1448 2238; x_wconf 86' lang='lat' dir='ltr'><strong>sic</strong></span> <span class='ocrx_word' id='word_1_565' title='bbox 1468 2213 1504 2240; x_wconf 85' lang='lat' dir='ltr'><strong>et</strong></span> <span class='ocrx_word' id='word_1_566' title='bbox 1523 2207 1613 2240; x_wconf 76' lang='lat' dir='ltr'><strong>illico</strong></span> <span class='ocrx_word' id='word_1_567' title='bbox 1635 2218 1715 2251; x_wconf 86' lang='lat' dir='ltr'><strong>pro·</strong></span> 
     </span>
     <span class='ocr_line' id='line_1_94' title="bbox 899 2250 1716 2297; baseline 0.004 -14"><span class='ocrx_word' id='word_1_568' title='bbox 899 2250 976 2294; x_wconf 89' lang='lat' dir='ltr'><strong>prie</strong></span> <span class='ocrx_word' id='word_1_569' title='bbox 996 2255 1049 2283; x_wconf 86' lang='lat' dir='ltr'><strong>est</strong></span> <span class='ocrx_word' id='word_1_570' title='bbox 1070 2251 1106 2283; x_wconf 84' lang='lat' dir='ltr'><strong>in</strong></span> <span class='ocrx_word' id='word_1_571' title='bbox 1128 2252 1218 2292; x_wconf 85' lang='lat' dir='ltr'><strong>Ioco,</strong></span> <span class='ocrx_word' id='word_1_572' title='bbox 1244 2254 1306 2286; x_wconf 86' lang='lat' dir='ltr'><strong>sed</strong></span> <span class='ocrx_word' id='word_1_573' title='bbox 1324 2253 1367 2286; x_wconf 87' lang='lat' dir='ltr'><strong>ad</strong></span> <span class='ocrx_word' id='word_1_574' title='bbox 1390 2259 1525 2297; x_wconf 83' lang='lat' dir='ltr'><strong>tempus</strong></span> <span class='ocrx_word' id='word_1_575' title='bbox 1545 2253 1716 2287; x_wconf 79' lang='lat' dir='ltr'><strong>transfer-</strong></span> 
     </span>
     <span class='ocr_line' id='line_1_95' title="bbox 899 2295 1714 2343; baseline 0.005 -14"><span class='ocrx_word' id='word_1_576' title='bbox 899 2302 967 2330; x_wconf 88' lang='lat' dir='ltr'><strong>tur.</strong></span> <span class='ocrx_word' id='word_1_577' title='bbox 993 2314 1037 2319; x_wconf 95' lang='lat'>—</span> <span class='ocrx_word' id='word_1_578' title='bbox 1079 2295 1193 2332; x_wconf 84' lang='grc' dir='ltr'><strong><em>λύτο</em></strong></span> <span class='ocrx_word' id='word_1_579' title='bbox 1226 2297 1440 2342; x_wconf 79' lang='grc' dir='ltr'><strong><em>γούνατα</em></strong></span> <span class='ocrx_word' id='word_1_580' title='bbox 1464 2299 1540 2333; x_wconf 85' lang='grc' dir='ltr'><strong>και</strong></span> <span class='ocrx_word' id='word_1_581' title='bbox 1566 2301 1714 2343; x_wconf 88' lang='grc' dir='ltr'><strong><em>φίλον</em></strong></span> 
     </span>
     <span class='ocr_line' id='line_1_96' title="bbox 900 2337 1715 2389; baseline 0.002 -12"><span class='ocrx_word' id='word_1_582' title='bbox 900 2337 951 2388; x_wconf 88' lang='grc' dir='ltr'><strong><em>ἦτ</em></strong></span> <span class='ocrx_word' id='word_1_583' title='bbox 965 2355 1016 2386; x_wconf 93' lang='grc' dir='ltr'><strong>ορ</strong></span> <span class='ocrx_word' id='word_1_584' title='bbox 1041 2343 1125 2386; x_wconf 74' lang='grc'>(425</span> <span class='ocrx_word' id='word_1_585' title='bbox 1149 2345 1235 2389; x_wconf 83' lang='lat' dir='ltr'><strong>etc)</strong></span> <span class='ocrx_word' id='word_1_586' title='bbox 1261 2356 1296 2379; x_wconf 78' lang='lat' dir='ltr'><strong>es</strong></span> <span class='ocrx_word' id='word_1_587' title='bbox 1316 2345 1422 2379; x_wconf 83' lang='lat' dir='ltr'><strong>brach</strong></span> <span class='ocrx_word' id='word_1_588' title='bbox 1441 2346 1512 2378; x_wconf 81' lang='lat' dir='ltr'><strong>ihm</strong></span> <span class='ocrx_word' id='word_1_589' title='bbox 1534 2347 1599 2380; x_wconf 81' lang='lat' dir='ltr'><strong>das</strong></span> <span class='ocrx_word' id='word_1_590' title='bbox 1622 2346 1715 2379; x_wconf 80' lang='lat' dir='ltr'><strong>Herz</strong></span> 
     </span>
     <span class='ocr_line' id='line_1_97' title="bbox 898 2387 1715 2435; baseline 0.005 -13"><span class='ocrx_word' id='word_1_591' title='bbox 898 2389 971 2423; x_wconf 82' lang='lat' dir='ltr'><strong>und</strong></span> <span class='ocrx_word' id='word_1_592' title='bbox 1003 2390 1059 2423; x_wconf 82' lang='lat' dir='ltr'><strong>die</strong></span> <span class='ocrx_word' id='word_1_593' title='bbox 1090 2390 1235 2425; x_wconf 83' lang='lat' dir='ltr'><strong>Knicen.</strong></span> <span class='ocrx_word' id='word_1_594' title='bbox 1291 2387 1383 2435; x_wconf 87' lang='grc' dir='ltr'><strong><em>ἦτορ</em></strong></span> <span class='ocrx_word' id='word_1_595' title='bbox 1413 2398 1450 2426; x_wconf 85' lang='lat' dir='ltr'><strong>et</strong></span> <span class='ocrx_word' id='word_1_596' title='bbox 1476 2391 1542 2425; x_wconf 85' lang='lat' dir='ltr'><strong>vim</strong></span> <span class='ocrx_word' id='word_1_597' title='bbox 1575 2392 1715 2426; x_wconf 84' lang='lat' dir='ltr'><strong>vitalem</strong></span> 
     </span>
     <span class='ocr_line' id='line_1_98' title="bbox 898 2436 1716 2494; baseline 0.005 -25"><span class='ocrx_word' id='word_1_598' title='bbox 898 2436 1078 2491; x_wconf 84' lang='lat' dir='ltr'><strong>ipsamque</strong></span> <span class='ocrx_word' id='word_1_599' title='bbox 1097 2437 1202 2471; x_wconf 88' lang='lat' dir='ltr'><strong>vitam</strong></span> <span class='ocrx_word' id='word_1_600' title='bbox 1223 2437 1398 2482; x_wconf 80' lang='lat' dir='ltr'><strong>significat</strong></span> <span class='ocrx_word' id='word_1_601' title='bbox 1420 2436 1478 2481; x_wconf 87' lang='grc' dir='ltr'><strong>(ε’,</strong></span> <span class='ocrx_word' id='word_1_602' title='bbox 1499 2438 1599 2473; x_wconf 70' lang='lat'><strong>249.·</strong></span> <span class='ocrx_word' id='word_1_603' title='bbox 1619 2436 1716 2494; x_wconf 83' lang='grc' dir='ltr'><strong><em>μηδέ</em></strong></span> 
     </span>
     <span class='ocr_line' id='line_1_99' title="bbox 899 2481 1717 2529; baseline 0.004 -13"><span class='ocrx_word' id='word_1_604' title='bbox 899 2495 964 2527; x_wconf 84' lang='grc' dir='ltr'><strong>μοι</strong></span> <span class='ocrx_word' id='word_1_605' title='bbox 990 2481 1088 2517; x_wconf 76' lang='grc' dir='ltr'><strong><em>οὕτω</em></strong></span> <span class='ocrx_word' id='word_1_606' title='bbox 1116 2485 1215 2519; x_wconf 80' lang='grc' dir='ltr'><strong><em>Θῦνε</em></strong></span> <span class='ocrx_word' id='word_1_607' title='bbox 1239 2486 1304 2519; x_wconf 75' lang='grc' dir='ltr'><strong>διὰ</strong></span> <span class='ocrx_word' id='word_1_608' title='bbox 1327 2483 1552 2529; x_wconf 82' lang='grc' dir='ltr'><strong><em>προμάχων,</em></strong></span> <span class='ocrx_word' id='word_1_609' title='bbox 1583 2483 1717 2529; x_wconf 79' lang='grc' dir='ltr'><strong><em>μήπως</em></strong></span> 
     </span>
     <span class='ocr_line' id='line_1_100' title="bbox 901 2529 1715 2577; baseline 0.001 -13"><span class='ocrx_word' id='word_1_610' title='bbox 901 2531 1012 2573; x_wconf 82' lang='grc' dir='ltr'><strong><em>φίλον</em></strong></span> <span class='ocrx_word' id='word_1_611' title='bbox 1035 2530 1126 2574; x_wconf 85' lang='grc' dir='ltr'><strong><em>ἡτορ</em></strong></span> <span class='ocrx_word' id='word_1_612' title='bbox 1152 2529 1321 2577; x_wconf 82' lang='grc' dir='ltr'><strong><em>ὀλέσσῃς,</em></strong></span> <span class='ocrx_word' id='word_1_613' title='bbox 1356 2543 1398 2565; x_wconf 84' lang='lat' dir='ltr'><strong>ne</strong></span> <span class='ocrx_word' id='word_1_614' title='bbox 1422 2533 1532 2565; x_wconf 82' lang='lat' dir='ltr'><strong>vitam</strong></span> <span class='ocrx_word' id='word_1_615' title='bbox 1553 2532 1715 2575; x_wconf 83' lang='lat' dir='ltr'><strong>perdas),</strong></span> 
     </span>
     <span class='ocr_line' id='line_1_101' title="bbox 902 2578 1715 2633; baseline 0.002 -23"><span class='ocrx_word' id='word_1_616' title='bbox 902 2582 938 2610; x_wconf 80' lang='lat' dir='ltr'><strong>et</strong></span> <span class='ocrx_word' id='word_1_617' title='bbox 957 2587 977 2609; x_wconf 83' lang='lat' dir='ltr'><strong>a</strong></span> <span class='ocrx_word' id='word_1_618' title='bbox 1000 2583 1231 2632; x_wconf 81' lang='lat' dir='ltr'><strong>consequente</strong></span> <span class='ocrx_word' id='word_1_619' title='bbox 1254 2578 1401 2612; x_wconf 86' lang='lat' dir='ltr'><strong>animum</strong></span> <span class='ocrx_word' id='word_1_620' title='bbox 1427 2584 1531 2633; x_wconf 54' lang='lat' dir='ltr'><strong>atque</strong></span> <span class='ocrx_word' id='word_1_621' title='bbox 1549 2582 1715 2620; x_wconf 83' lang='lat' dir='ltr'><strong>mentem;</strong></span> 
     </span>
     <span class='ocr_line' id='line_1_102' title="bbox 901 2621 1718 2667; baseline 0.005 -12"><span class='ocrx_word' id='word_1_622' title='bbox 901 2621 998 2656; x_wconf 74' lang='lat' dir='ltr'><strong>velut</strong></span> <span class='ocrx_word' id='word_1_623' title='bbox 1020 2623 1149 2667; x_wconf 83' lang='lat' dir='ltr'><strong>Odyss</strong></span> <span class='ocrx_word' id='word_1_624' title='bbox 1174 2621 1230 2665; x_wconf 87' lang='grc' dir='ltr'><strong>α’,</strong></span> <span class='ocrx_word' id='word_1_625' title='bbox 1250 2625 1306 2660; x_wconf 84' lang='grc'><strong>59.</strong></span> <span class='ocrx_word' id='word_1_626' title='bbox 1329 2623 1434 2657; x_wconf 83' lang='lat' dir='ltr'><strong>dixit:</strong></span> <span class='ocrx_word' id='word_1_627' title='bbox 1471 2622 1560 2658; x_wconf 82' lang='grc' dir='ltr'><strong><em>οὐδὲ</em></strong></span> <span class='ocrx_word' id='word_1_628' title='bbox 1587 2636 1633 2658; x_wconf 87' lang='grc' dir='ltr'><strong>νυ</strong></span> <span class='ocrx_word' id='word_1_629' title='bbox 1656 2625 1718 2660; x_wconf 88' lang='grc' dir='ltr'>σοι’</span> 
     </span>
     <span class='ocr_line' id='line_1_103' title="bbox 898 2648 1714 2727; baseline 0.002 -23"><span class='ocrx_word' id='word_1_630' title='bbox 898 2681 966 2712; x_wconf 82' lang='grc' dir='ltr'><strong>περ</strong></span> <span class='ocrx_word' id='word_1_631' title='bbox 986 2648 1230 2727; x_wconf 84' lang='grc' dir='ltr'><strong><em>Ἐντρέπεται</em></strong></span> <span class='ocrx_word' id='word_1_632' title='bbox 1245 2672 1354 2715; x_wconf 86' lang='grc' dir='ltr'><strong><em>φίλον</em></strong></span> <span class='ocrx_word' id='word_1_633' title='bbox 1381 2666 1494 2714; x_wconf 86' lang='grc' dir='ltr'><strong><em>ἦτορ,</em></strong></span> <span class='ocrx_word' id='word_1_634' title='bbox 1520 2667 1714 2714; x_wconf 76' lang='grc' dir='ltr'><strong>Ὀλύμπιε.</strong></span> 
     </span>
     <span class='ocr_line' id='line_1_104' title="bbox 900 2713 1715 2761; baseline 0.001 -12"><span class='ocrx_word' id='word_1_635' title='bbox 900 2713 1254 2761; x_wconf 72' lang='grc' dir='ltr'>οἷ.8(;1ιιι.ν.ἧτορ.</span> <span class='ocrx_word' id='word_1_636' title='bbox 1296 2717 1414 2751; x_wconf 86' lang='lat' dir='ltr'><strong>eodem</strong></span> <span class='ocrx_word' id='word_1_637' title='bbox 1446 2715 1544 2750; x_wconf 89' lang='lat' dir='ltr'><strong>modo</strong></span> <span class='ocrx_word' id='word_1_638' title='bbox 1573 2724 1609 2750; x_wconf 88' lang='lat' dir='ltr'><strong>et</strong></span> <span class='ocrx_word' id='word_1_639' title='bbox 1633 2717 1715 2751; x_wconf 79' lang='lat' dir='ltr'><strong>lati-</strong></span> 
     </span>
     <span class='ocr_line' id='line_1_105' title="bbox 898 2762 1714 2808; baseline 0.002 -13"><span class='ocrx_word' id='word_1_640' title='bbox 898 2772 974 2796; x_wconf 90' lang='lat' dir='ltr'><strong>num</strong></span> <span class='ocrx_word' id='word_1_641' title='bbox 1003 2763 1121 2797; x_wconf 82' lang='lat' dir='ltr'><strong>vocab.</strong></span> <span class='ocrx_word' id='word_1_642' title='bbox 1153 2775 1209 2797; x_wconf 87' lang='lat' dir='ltr'><strong>cor</strong></span> <span class='ocrx_word' id='word_1_643' title='bbox 1238 2762 1395 2808; x_wconf 76' lang='lat' dir='ltr'><strong>usurpari</strong></span> <span class='ocrx_word' id='word_1_644' title='bbox 1418 2763 1528 2803; x_wconf 84' lang='lat' dir='ltr'><strong>solet,</strong></span> <span class='ocrx_word' id='word_1_645' title='bbox 1552 2773 1714 2807; x_wconf 85' lang='lat' dir='ltr'><strong>praeser-</strong></span> 
     </span>
     <span class='ocr_line' id='line_1_106' title="bbox 897 2807 1493 2854; baseline 0 -13"><span class='ocrx_word' id='word_1_646' title='bbox 897 2807 956 2841; x_wconf 87' lang='lat' dir='ltr'><strong>tim</strong></span> <span class='ocrx_word' id='word_1_647' title='bbox 980 2819 1035 2854; x_wconf 82' lang='lat' dir='ltr'><strong>ap.</strong></span> <span class='ocrx_word' id='word_1_648' title='bbox 1062 2810 1272 2844; x_wconf 80' lang='lat' dir='ltr'><strong>vetustiores</strong></span> <span class='ocrx_word' id='word_1_649' title='bbox 1293 2809 1493 2854; x_wconf 74' lang='lat' dir='ltr'><strong>scriptores.</strong></span> 
     </span>
    </p>
   </div>
   <div class='ocr_carea' id='block_1_23' title="bbox 897 2863 1711 3014">
    <p class='ocr_par' dir='ltr' id='par_1_25' title="bbox 897 2863 1711 3004">
     <span class='ocr_line' id='line_1_107' title="bbox 945 2863 1711 2912; baseline -0.001 -12"><span class='ocrx_word' id='word_1_650' title='bbox 945 2867 1062 2901; x_wconf 82' lang='lat'>115-—</span> <span class='ocrx_word' id='word_1_651' title='bbox 1073 2868 1152 2901; x_wconf 85' lang='lat'><strong>118.</strong></span> <span class='ocrx_word' id='word_1_652' title='bbox 1187 2866 1235 2912; x_wconf 77' lang='grc' dir='ltr'><strong>ἔγ</strong></span> <span class='ocrx_word' id='word_1_653' title='bbox 1244 2879 1326 2912; x_wconf 86' lang='grc' dir='ltr'><strong>ος</strong></span> <span class='ocrx_word' id='word_1_654' title='bbox 1348 2864 1433 2909; x_wconf 75' lang='grc' dir='ltr'><strong><em>μὲν</em></strong></span> <span class='ocrx_word' id='word_1_655' title='bbox 1457 2863 1711 2908; x_wconf 64' lang='lat' dir='ltr'><strong>‹im-‚hastam</strong></span> 
     </span>
     <span class='ocr_line' id='line_1_108' title="bbox 897 2880 1710 2959; baseline 0.002 -15"><span class='ocrx_word' id='word_1_656' title='bbox 897 2913 1036 2956; x_wconf 76' lang='lat' dir='ltr'><strong>quidem</strong></span> <span class='ocrx_word' id='word_1_657' title='bbox 1069 2880 1235 2947; x_wconf 68' lang='lat' dir='ltr'><strong>Achillisy</strong></span> <span class='ocrx_word' id='word_1_658' title='bbox 1222 2939 1233 2956; x_wconf 91' lang='lat'><strong><em>‚</em></strong></span> <span class='ocrx_word' id='word_1_659' title='bbox 1273 2924 1371 2959; x_wconf 89' lang='lat' dir='ltr'><strong>quam</strong></span> <span class='ocrx_word' id='word_1_660' title='bbox 1405 2912 1517 2946; x_wconf 80' lang='lat' dir='ltr'><strong>adhuc</strong></span> <span class='ocrx_word' id='word_1_661' title='bbox 1551 2916 1710 2946; x_wconf 79' lang='lat' dir='ltr'><strong>tenuerat</strong></span> 
     </span>
     <span class='ocr_line' id='line_1_109' title="bbox 897 2956 1709 3014; baseline 0.001 -22"><span class='ocrx_word' id='word_1_662' title='bbox 897 2960 1012 3014; x_wconf 68' lang='lat'><strong>(72),</strong></span> <span class='ocrx_word' id='word_1_663' title='bbox 1045 2959 1187 2994; x_wconf 79' lang='lat' dir='ltr'><strong>dimisit.</strong></span> <span class='ocrx_word' id='word_1_664' title='bbox 1212 2977 1258 2985; x_wconf 94' lang='lat'><strong>—</strong></span> <span class='ocrx_word' id='word_1_665' title='bbox 1297 2962 1429 3003; x_wconf 85' lang='grc' dir='ltr'><strong><em>χεῖρε</em></strong></span> <span class='ocrx_word' id='word_1_666' title='bbox 1465 2956 1709 3000; x_wconf 78' lang='grc' dir='ltr'><strong><em>πετάσσας</em></strong></span> 
     </span>
    </p>
   </div>
   <div class='ocr_carea' id='block_1_24' title="bbox 897 3002 1705 3050">
    <p class='ocr_par' dir='ltr' id='par_1_26' title="bbox 897 3002 1705 3050">
     <span class='ocr_line' id='line_1_110' title="bbox 897 3002 1705 3050; baseline -0.001 -9"><span class='ocrx_word' id='word_1_667' title='bbox 897 3004 946 3048; x_wconf 79' lang='grc' dir='ltr'><strong>(ξ’</strong></span> <span class='ocrx_word' id='word_1_668' title='bbox 957 3031 967 3046; x_wconf 88' lang='grc'><strong>,</strong></span> <span class='ocrx_word' id='word_1_669' title='bbox 1000 3004 1146 3047; x_wconf 77' lang='grc' dir='ltr'><strong>495,δ</strong></span> <span class='ocrx_word' id='word_1_670' title='bbox 1167 3031 1178 3047; x_wconf 94' lang='grc'><strong>,</strong></span> <span class='ocrx_word' id='word_1_671' title='bbox 1202 3006 1292 3048; x_wconf 75' lang='lat'><strong>523,</strong></span> <span class='ocrx_word' id='word_1_672' title='bbox 1329 3005 1457 3050; x_wconf 77' lang='lat' dir='ltr'><strong>Odyss.</strong></span> <span class='ocrx_word' id='word_1_673' title='bbox 1489 3002 1533 3047; x_wconf 85' lang='grc' dir='ltr'><strong>ε’,</strong></span> <span class='ocrx_word' id='word_1_674' title='bbox 1556 3005 1646 3046; x_wconf 85' lang='grc'><strong>374,</strong></span> <span class='ocrx_word' id='word_1_675' title='bbox 1669 3004 1705 3046; x_wconf 85' lang='grc' dir='ltr'><strong>ι’,</strong></span> 
     </span>
    </p>
   </div>
  </div>
 </body>
</html>
