1847 3277
639 163 1066 205 ΙΛΙΑΔΟΣ
1123 165 1173 205 Φ.

1648 165 1731 205 173

233 273 290 324 ὡς
320 272 536 344 εξηράνθη
568 274 722 315 πεδίον
748 276 855 323 πᾶν,
888 269 1019 314 καδδ’
1049 270 1135 324 ἄρα
1164 270 1348 322 νεκροὺς

229 334 359 384 κῆεν·
388 331 412 374 ὁ
443 329 485 372 δ’
518 330 560 379 ἐς
588 329 790 384 ποταμὸν
818 329 944 382 τρέψε
975 327 1119 396 φλόγα
1148 326 1496 380 παμφανόωσαν.

116 390 199 432 350
228 388 406 430 καίοντο
436 384 608 429 πτελέαι
636 402 698 437 τε,
730 386 802 429 καὶ
834 385 962 432 ἰτέαι,
994 383 1078 454 ἠδὲ
1099 388 1305 438 μυρῖκαι,

227 446 372 486 καίετο
407 442 452 485 δὲ
480 443 673 493 λωτόςτ

704 442 823 511 ,ἠᾷε
853 441 1022 496 θρύον,
1050 438 1126 495 ἠδὲ
1154 439 1390 508 κύπειρον,

227 499 281 542 τά
308 499 406 553 περὶ
435 499 547 542 καλὰ
577 498 738 553 ῥέεθρα
766 499 860 549 ἅλις
889 503 1105 567 ποταμοῖο
1135 493 1342 551 πεφύκει

226 555 412 608 τείροντ’
440 555 632 623 ἐγχέλυές
659 571 728 606 τε,
758 556 833 598 καὶ
862 553 1028 608 ἰχθύες,
1060 555 1104 596 οἷ
1130 552 1240 596 κατὰ
1269 553 1414 605 δίνας,

231 615 295 663 [οἱ
326 612 435 655 κατὰ
464 611 576 655 καλὰ
607 612 770 666 ῥέεθρα
799 614 1019 681 κυβίστων
1046 610 1158 653 ἔνθα
1185 609 1260 652 καὶ
1290 609 1448 662 ε’νθα,]

115 672 197 713 355
226 685 357 724 πνοιῃ
391 668 637 738 τειρόμενοι
668 668 935 724 πολυμήτιος
960 667 1243 739 Htpoct'ovpco

224 727 370 769 καίετο
402 723 446 768 δ’
473 727 518 776 ὃς
548 729 799 780 Ποταμοῖο,
831 725 933 775 ἔπος
961 723 1001 767 τ’
1033 723 1157 777 ἔφατ’
1169 755 1181 775 ,
1213 723 1259 767 ἐκ
1289 721 1332 765 τ’
1362 719 1597 776 ὀνόμαζεν·

274 816 391 850 pacem
415 805 507 849 ejus,
533 805 657 839 deinde
680 810 716 839 et
738 804 902 846 sunonis,
928 803 1084 848 exposcit
1107 803 1289 844 Xanthus,
1313 803 1358 837 ad
1382 801 1505 836 incitas
1529 802 1706 837 redactus.

302 872 559 929 ,,”Ηφαιστ’,
590 872 710 924 οὔτις
740 873 859 927 σοίγε
887 876 1006 915 θεῶν
1037 869 1192 914 δύνατ’
1222 868 1539 927 ἀντιφερίζειν,

56 980 135 1020 post
159 980 317 1009 exortum
338 975 535 1017 Caniculae,
560 975 690 1008 etesiae
713 975 777 1015 illi,
796 975 870 1009 sive

55 1021 250 1066 aquilones,
282 1033 346 1066 per
377 1027 482 1055 totum
508 1021 770 1065 Archipelagum
794 1021 869 1065 spi-

55 1079 134 1100 rare
152 1067 320 1111 incipiunt
343 1073 378 1100 et
398 1072 597 1100 constanter
621 1067 767 1111 perfiant
795 1067 867 1100 die·

54 1113 117 1146 bus
141 1114 206 1154 40,
231 1119 269 1145 ut
295 1124 314 1145 e
337 1112 446 1146 Plinio
471 1117 585 1145 notum
611 1119 666 1146 est
688 1114 730 1153 2,
750 1113 806 1147 47.
831 1123 866 1144 v.

56 1159 98 1192 de
130 1159 183 1191 his
217 1159 328 1191 ventis
352 1159 385 1191 H
410 1160 442 1193 h.
466 1158 489 1191 l.
525 1165 560 1191 et
593 1169 738 1191 excursu
763 1160 797 1192 2.
823 1159 866 1191 ad

56 1205 156 1249 Virg.
176 1205 235 1245 3.‚
255 1217 290 1249 p.
313 1206 391 1240 566.
413 1207 446 1239 4.
472 1204 525 1237 ed.
549 1205 705 1238 Nitzsch.
723 1215 798 1236 ann.
822 1203 866 1236 ad

55 1231 184 1295 OdybsS.
217 1249 262 1292 ε’,
284 1250 384 1285 328..
426 1247 476 1291 ὦς
509 1248 548 1284 6'
585 1248 644 1284 ὅτ’
680 1247 865 1290 όπωρινος

55 1297 186 1354 βορέης
227 1297 404 1350 φορέῃσιν
452 1296 624 1336 ἀκάτθας
662 1293 862 1331 Ἀαπεὸίον.

54 1342 335 1386 ,,ο’πωρινός.
380 1343 420 1379 11.
453 1345 520 1383 21,
555 1343 635 1378 346.
682 1341 864 1386 ὀπώρη,

40 1391 142 1427 mach
163 1389 357 1423 Grotefend
383 1401 448 1424 von
475 1387 574 1432 ἶς’,ψω
600 1389 653 1433 (ἒ)
679 1390 865 1432 eigentlich

52 1436 109 1469 die
128 1435 206 1469 Zeit
231 1435 292 1468 der
312 1435 536 1479 Hundstage,
563 1447 596 1468 u.
620 1435 783 1468 demnach
804 1435 866 1468 der

51 1483 184 1516 Boreas
209 1482 284 1515 hier
308 1482 369 1514 der
389 1482 518 1515 Nordxx
528 1487 579 1514 est
600 1481 684 1514 oder
705 1481 761 1513 die
783 1483 866 1514 Ete-

52 1530 126 1562 sien
159 1528 224 1571 (so
258 1528 446 1571 Eustath.)
479 1527 513 1559 in
547 1538 693 1570 engerer
728 1527 865 1560 Beden-

53 1579 158 1619 tung:
192 1573 305 1607 Kruse
331 1573 454 1607 Hellas
478 1576 508 1609 1.
523 1599 531 1615 ‚
556 1574 594 1607 S.
617 1574 686 1608 249
710 1573 759 1613 f.;
796 1573 864 1616 vgl.

53 1620 277 1654 Wachsmuth
314 1619 451 1653 Hellen.
477 1619 722 1652 Altcrthumsk.
747 1621 793 1661 1,

54 1666 92 1700 S.
125 1668 206 1700 296.
255 1665 441 1699 Bisweilen
477 1665 567 1698 wird
602 1665 658 1698 die
683 1622 834 1709 Oporal
828 1666 862 1698 in

51 1712 303 1756 ausgedehntei
306 1724 356 1745 em
374 1712 459 1745 Siun
479 1723 553 1745 vom
571 1710 741 1765 regnigen
752 1712 864 1744 Fruh-

53 1759 192 1792 herbste
224 1759 437 1801 gebraucht:
481 1757 522 1790 Il.
558 1760 601 1792 16
635 1755 747 1800 (π),
781 1758 862 1791 385.

52 1804 155 1838 Jener
165 1803 461 1842 Νοιόννε5ιιιίιιι1,
482 1805 545 1837 der
564 1804 626 1836 das
639 1802 723 1836 Feld
746 1803 864 1837 trock-

53 1856 131 1891 net,
163 1851 240 1894 jagt
272 1851 344 1883 also
378 1851 434 1883 die
467 1849 691 1884 verdorreten
728 1849 864 1882 Disteln

50 1897 136 1930 fiber
170 1896 227 1929 die
257 1896 354 1929 Ebne
396 1896 487 1928 hin.‘
533 1915 578 1920 —
619 1894 863 1937 νεοαρδέα,

51 1953 169 1976 recens
193 1943 401 1998 irrigatum
399 1899 572 1975 imbribus.
593 1961 637 1966 —
663 1939 768 1985 αἶψ’
794 1940 865 1976 οἷν-

52 1986 248 2044 ³2:⁷79va-
299 1988 351 2022 E·
378 1986 496 2044 ἤγουν
520 1986 610 2032 ταχύ
638 1986 864 2033 ἀναξηράνῃ.

54 2031 319 2081 οἷνξηράνῃ,
346 2046 411 2067 non
437 2032 646 2079 οἷνξηρήνῃ,
672 2034 864 2078 euphoniae

52 2082 188 2126 gratia,
229 2086 268 2114 ut
301 2086 434 2136 putant.
482 2081 607 2114 Scholl
645 2080 786 2114 Tounl.
828 2087 863 2114 et

52 2128 207 2161 Victor.·
242 2126 459 2182 θερμήνῃ
483 2127 548 2171 μέν
574 2137 666 2184 φησι
701 2124 773 2170 (ξ’,
796 2127 862 2169 7.),

53 2171 134 2209 ἀλλ’
169 2171 214 2208 ού
248 2171 427 2219 ξηρήνῃ
453 2173 517 2208 διὰ
548 2173 589 2208 τὸ
622 2176 862 2217 κακοφωνον,

56 2217 106 2261 ὥς
139 2223 310 2263 ψαρῶν
343 2221 405 2256 καὶ
435 2227 498 2265 ψη
509 2233 602 2264 ρας.
649 2231 682 2252 v.
717 2231 794 2253 ann.
819 2219 861 2253 ad

54 2265 117 2307 π’,
140 2267 222 2307 583,
247 2267 374 2301 Matth.
399 2269 430 2308 §.
446 2268 503 2301 22.
529 2272 582 2300 est
606 2267 692 2299 haec
709 2265 863 2299 Aristar-

53 2312 108 2346 chi
131 2312 314 2357 scriptura.
351 2312 432 2346 libri
465 2312 587 2356 vulgo.
630 2308 678 2346 ἂν
711 2313 862 2357 ξηρανῃ.

0 2391 1 2394 ,
53 2359 152 2391 Vrat.
179 2361 206 2392 A
232 2363 268 2391 et
291 2358 415 2393 Galen.
449 2358 493 2392 de
516 2365 712 2417 temperam.
742 2361 782 2400 1,
806 2360 862 2393 2..

52 2403 150 2448 αἶψα
170 2405 337 2451 ξηραίνῃ.
371 2405 497 2438 Barna
522 2403 608 2448 αἶψ’
629 2401 676 2438 ἂν
695 2405 863 2459 ξηραίνῃ,

54 2450 146 2496 quod
171 2451 300 2485 habere
323 2451 462 2485 videtur
486 2451 594 2484 codex
613 2451 733 2486 Alteri.
766 2452 864 2495 equi-

50 2497 125 2531 dem
171 2496 260 2530 haud
292 2508 485 2542 spernerem
518 2494 605 2540 αἶψ’
646 2494 863 2542 οἷνξηραίνῃ,

51 2543 80 2577 si
99 2543 135 2576 in
154 2542 241 2577 libro
263 2544 373 2577 bonae
392 2550 496 2577 notae
518 2542 749 2584 inveniretur3
773 2554 863 2577 nunc

51 2588 177 2632 ἐπέχω.
206 2608 252 2614 --
296 2588 448 2634 φλόγα
480 2587 861 2634 παμφανόωσαν.

50 2633 100 2679 α’,
123 2637 203 2671 206.

96 2682 219 2717 350—
230 2682 310 2718 353.
333 2679 538 2716 πτελέαι.
560 2682 640 2716 242.
656 2701 696 2707 -
723 2681 861 2725 ἰτέαι,

51 2728 184 2761 salices.
226 2728 343 2762 dicere
382 2728 520 2761 videtur
561 2729 702 2762 salicem
744 2730 861 2763 albam

51 2773 170 2814 Linn„
202 2773 258 2807 die
284 2775 447 2829 gemeine
476 2774 610 2831 lVeicle.
643 2775 782 2831 Ody.ss
816 2774 859 2816 κ’,
902 2800 904 2813 2

53 2818 150 2854 508.=
174 2816 249 2854 ἀλλ’
275 2817 418 2855 ὁπόταν
442 2819 489 2865 δή
514 2820 578 2864 νηῒ
599 2818 653 2855 δι’
677 2819 858 2857 ω’κεανοῖο

53 2863 231 2909 περήσῃς,
247 2863 356 2900 ’‘'Eve
374 2865 466 2911 ακτή
488 2879 526 2902 τε
545 2864 684 2923 λα’χεια,
710 2868 772 2902 καὶ
796 2866 859 2903 ἅλ-

52 2922 90 2946 σε
82 2923 117 2945 -α
140 2913 426 2968 Περσεφονείης,
456 2915 613 2957 ΆῙακραί
634 2910 665 2948 τ’
688 2914 858 2958 αἴγειροι,

51 2957 112 2992 καὶ
137 2956 232 2993 ἰτέαι
256 2956 494 3002 ω’λεσίκαρποι
513 2965 580 2995 etc.
605 2960 701 3004 Virg.
722 2961 855 3014 Georg.

50 3005 90 3044 2,
125 3005 217 3038 110·
252 3005 450 3047 fluminibus
474 3008 626 3048 salices,
667 3007 856 3052 crassisque

913 975 1103 1019 paludibus
1122 974 1195 1007 alni
1215 974 1426 1007 Nascuntur.
1441 994 1486 998 ——
1510 977 1727 1017 μυρῖκαι.

915 1021 957 1063 ζ’,
981 1022 1038 1054 39
1075 1039 1105 1043 —
1143 1019 1304 1060 λωτός.
1327 1019 1374 1065 β,
1396 1022 1476 1060 716
1501 1019 1549 1062 ξ
1570 1022 1639 1055 348
1658 1029 1728 1054 etc.

915 1086 957 1091 -
986 1065 1153 1109 θρύον.
1197 1065 1296 1106 εἷόος
1326 1064 1443 1106 πόας,
1482 1063 1500 1101 ὁ
1536 1067 1730 1111 λεγόμενος

913 1111 1060 1155 θρύσις.
1083 1113 1290 1155 (?)junc11s.
1326 1113 1432 1146 herba
1450 1121 1531 1146 nota
1550 1114 1726 1167 palustris.

913 1169 947 1192 v.
966 1160 1169 1200 Theocritq
1195 1159 1347 1202 Ηε53ϊ1ι.
1373 1160 1406 1192 h.
1427 1171 1459 1192 v.
1484 1167 1552 1192 etc.
1576 1179 1621 1185 —
1654 1158 1728 1193 κύ-

912 1217 1101 1248 πειρον,
1137 1216 1277 1247 cyperis
1308 1206 1431 1249 longus
1462 1205 1560 1238 Linn.
1575 1230 1585 1246 ,
1619 1217 1726 1250 germ.

914 1251 1121 1294 Cypergtas.
1155 1251 1199 1283 cf.
1227 1251 1354 1295 Odyss.
1363 1233 1413 1285 c'6'
1418 1276 1428 1291 ‚
1455 1253 1534 1287 603.
1568 1263 1728 1295 cyperum

911 1299 1093 1330 rotundum
1115 1297 1213 1330 Linn.
1228 1323 1238 1337 ,
1263 1297 1426 1341 graminis
1445 1298 1582 1331 odorati
1607 1309 1728 1342 genus,

911 1343 1127 1387 intelligebat
1154 1344 1204 1383 H,
1233 1343 1376 1376 Vossius
1399 1345 1559 1377 fruticem
1577 1345 1728 1387 pseudo-

911 1402 1069 1433 cyperum
1094 1389 1194 1422 Plinii
1228 1389 1468 1432 (‚,dustendt⁷r
1493 1391 1727 1435 Galga11t“).

912 1447 944 1470 v.
970 1435 1179 1470 Billerbeck.
1215 1435 1308 1468 Flor.
1339 1436 1439 1469 class.
1472 1448 1507 1480 p.
1531 1438 1574 1477 3,
1604 1438 1658 1471 18.
1682 1454 1725 1462 —-

912 1482 1092 1515 annotavit
1111 1482 1196 1515 Ern.
1213 1506 1221 1521 ,
1247 1482 1327 1514 hinc
1354 1483 1544 1526 profecisse
1566 1482 1729 1517 Callima-

911 1529 1009 1560 chum
1041 1529 1164 1571 hymno
1197 1527 1231 1560 in
1268 1528 1370 1569 Cer.‚
1406 1528 1594 1569 Ovidium,
1627 1529 1727 1572 alios,

912 1573 970 1617 qui
1001 1576 1189 1607 varietates
1223 1575 1381 1607 arborum
1416 1575 1554 1619 copiose
1585 1586 1728 1610 enarra—

911 1624 1001 1653 runt.
1027 1640 1072 1644 —
1106 1620 1181 1653 καὶ
1207 1619 1396 1664 ιχθύες,
1421 1627 1454 1654 et
1479 1621 1726 1665 ceteripisces.

956 1665 1035 1701 354.
1071 1666 1221 1710 ineptum
1248 1667 1516 1700 additamentum
1541 1668 1637 1711 ejus,
1667 1668 1727 1713 qui

910 1722 985 1745 cum
1009 1723 1073 1745 non
1098 1712 1331 1756 intelligeret,
1364 1725 1428 1758 per
1461 1725 1499 1747 se
1524 1713 1618 1747 dicta
1650 1726 1728 1749 esse

909 1757 969 1791 illa
994 1758 1036 1792 οἱ
1059 1771 1180 1793 κατα
1206 1760 1367 1801 δίνας,
1401 1759 1472 1793 scil
1500 1756 1621 1799 ὄντες,
1656 1761 1729 1805 pri—

911 1815 1000 1837 mum
1034 1804 1176 1848 scripsit
1210 1803 1247 1839 οι“
1278 1819 1310 1839 κ.
1343 1808 1374 1840 6
1411 1807 1610 1849 κυβίστων,
1648 1808 1728 1841 dein

912 1850 966 1883 vel
991 1850 1067 1894 ipse
1092 1851 1147 1884 vel
1172 1852 1259 1885 alius
1285 1852 1435 1895 ejusdem
1460 1853 1614 1895 farinae,
1647 1864 1730 1887 ver-

911 1908 984 1930 sum
1007 1897 1261 1939 fabricamus,
1295 1899 1387 1943 quod
1420 1899 1540 1932 facere
1572 1904 1663 1933 amat
1685 1899 1730 1934 il·-

910 1942 970 1975 lud
1001 1954 1131 1985 genus,
1166 1944 1401 1988 agglutinavit
1433 1945 1468 1978 in
1502 1945 1667 1988 proximis
1693 1951 1729 1980 et

911 1991 965 2022 11.
990 1989 1143 2022 sublecta
1167 1992 1273 2023 verba
1293 1989 1388 2024 κατὰ
1411 1989 1506 2025 καλοὶ
1530 1990 1668 2035 ῥέεθρα
1692 1998 1729 2027 et

910 2033 1004 2069 ἔνθα
1027 2035 1089 2070 καὶ
1111 2034 1218 2076 εἰθα,
1243 2048 1306 2070 nec
1327 2039 1462 2070 curavit
1482 2039 1728 2083 ταυτολογίαν

910 2081 1078 2126 planeque
1103 2093 1170 2115 ιιοιι
1194 2083 1369 2116 serendum
1378 2084 1581 2142 asyndeton
1601 2086 1727 2119 verbo-

909 2138 981 2160 rum
1008 2127 1045 2162 οἰ
1068 2126 1162 2163 κατὰ
1187 2130 1314 2170 δίνας,
1347 2127 1385 2164 οἳ
1412 2128 1517 2184 naz-je.
1530 2144 1563 2165 κ.
1588 2129 1727 2175 ῥέεθρα

910 2193 976 2214 —‚
1017 2174 1052 2208 id
1086 2181 1197 2209 autem
1235 2176 1450 2219 ignoraverit
1481 2188 1623 2211 necesse
1659 2184 1724 2217 est,

909 2219 1000 2264 quod
1032 2226 1127 2254 certe
1161 2233 1226 2255 non
1258 2222 1433 2266 ignoravit
1461 2229 1605 2257 naturae
1629 2226 1725 2269 peri-

908 2267 1060 2300 tissimus
1086 2268 1204 2307 Hom.,
1227 2279 1292 2301 non
1316 2268 1428 2303 solere
1452 2268 1569 2323 pisces
1590 2271 1725 2324 persul-

908 2318 984 2346 tare
1009 2313 1160 2347 interdiu
1186 2325 1292 2358 aquas
1316 2314 1511 2357 fluviorum,
1536 2314 1602 2349 nisi
1626 2316 1726 2361 quie-

908 2365 963 2392 tas
987 2364 1023 2393 et
1047 2371 1109 2404 per
1133 2361 1274 2402 sudum,
1313 2361 1374 2394 sed
1406 2361 1442 2394 in
1465 2362 1575 2395 fundo
1600 2362 1723 2406 latere,

908 2411 1032 2450 utpote
1050 2405 1209 2440 animalia
1226 2411 1396 2441 nocturna
1415 2411 1450 2440 et
1468 2419 1623 2452 magnam
1641 2420 1725 2453 par-

909 2454 976 2485 tem
1010 2452 1202 2486 carnivora.
1254 2453 1386 2487 Xanthi
1429 2454 1565 2498 quidem
1613 2466 1725 2499 aquae

909 2508 997 2531 nunc
1021 2499 1204 2541 turbatae,
1237 2498 1422 2544 impeditae
1454 2507 1557 2544 atque
1582 2506 1725 2535 exustae

909 2542 966 2576 vix
1000 2543 1035 2577 in
1058 2545 1135 2578 imis
1168 2545 1258 2579 alvei
1290 2551 1327 2579 et
1356 2545 1506 2590 riparum
1531 2546 1724 2580 recessibus

908 2589 1127 2624 occultabant
1151 2591 1284 2636 pisces,
1320 2592 1442 2625 nedum
1477 2598 1515 2625 ut
1539 2591 1588 2625 illi
1612 2593 1723 2626 facul-

907 2641 1013 2669 tatem
1040 2637 1236 2681 emergendi
1261 2642 1296 2671 et
1316 2637 1455 2671 ludendi
1480 2637 1514 2670 in
1539 2638 1723 2683 superficie

907 2681 1054 2715 fluminis
1074 2683 1266 2717 habuerint.
1291 2695 1409 2737 quare
1417 2684 1501 2718 haec
1515 2685 1723 2720 secludenda

907 2738 984 2761 esse
1009 2729 1202 2772 putavimus
1226 2741 1246 2763 a
1271 2729 1441 2784 genuinis.

951 2776 1070 2810 355—
1083 2777 1164 2811 360.
1190 2773 1503 2819 πολυμήτιος
1527 2775 1721 2822 πολύφρο-

905 2814 954 2855 ’να
986 2832 1061 2854 eum
1095 2821 1249 2867 appellat
1280 2822 1350 2858 367
1393 2827 1429 2855 et
1461 2821 1645 2867 aliquoties
1684 2824 1719 2858 in

906 2865 1087 2911 Odyssea,
1123 2879 1186 2901 nec
1223 2867 1289 2901 alio
1330 2879 1429 2901 sensu
1465 2869 1635 2914 κλυτοτέχ
1615 2883 1719 2915 χνηι,

904 2912 1121 2971 κλυτοεργὸν
1146 2926 1189 2954 σ,
1216 2914 1300 2955 143,
1326 2914 1455 2957 Οό355.
1479 2912 1532 2955 6'‚
1556 2916 1623 2950 345
1648 2924 1714 2950 etc.

904 2957 1247 3003 ἀντιφερίζειν.
1297 2962 1382 3003 Ap.·
1406 2958 1638 3003 ἐξισοῦσθαι.
1668 2964 1714 2998 cf.

902 3004 980 3041 488.
1012 3007 1099 3040 idem
1121 3012 1176 3040 est
1193 3006 1424 3049 ἰσοφαρίζειν
1443 3008 1520 3042 194.
1530 3013 1565 3041 et
1577 3008 1657 3043 411.
1669 3029 1712 3034 ψ-
