1847 3277
62 162 204 203 ,1⁴16
761 158 1160 200 ΟΜΗΡΟΥ

294 264 389 309 ἕνθ’
423 266 510 322 οἵγ’
546 265 692 312 ουκέτι
723 267 860 335 δηρὸν
876 265 1168 337 ἀφέστασαν·
1199 260 1302 321 ἦρχε
1331 264 1415 321 γὰρ
1435 265 1564 322 Ἀρης

294 323 545 377 ῥινοτόρος,
576 325 649 367 καὶ
678 329 849 378 πρῶτος
876 321 1083 393 Ἀθηναίῃ
1114 322 1347 374 ἐπόρουσε,

289 379 475 434 χάλκεον
505 380 625 436 ἔγχος
656 381 784 435 ἔχων,
819 379 892 422 καὶ
921 378 1135 421 ὀνείδειον
1165 378 1280 433 φάτο
1309 383 1458 434 μῦθον
1478 394 1486 403 ·

655 470 844 502 Minervam
867 467 1002 503 invadit
1025 469 1132 503 Mars.

744 541 760 548 a-

374 580 398 598 ‚‚
420 545 544 590 Τίπτ’
577 541 668 589 αὖτ’
681 578 693 595 ,
724 549 758 589 ὠ
789 546 1033 602 κυνόμυια,
1061 546 1197 596 θεους
1227 546 1335 598 ἔριδι
1367 545 1659 596 ξυνελαύνεις,

181 605 262 647 395
291 603 460 661 θάρσος
491 604 627 658 ἄητον
658 603 838 658 ε’χουσα,
868 605 1000 658 μέγας
1032 603 1078 646 δέ
1110 615 1156 645 σε
1184 601 1330 653 θυμὸς
1361 601 1548 657 ἀνῆκεν,

290 677 318 714 η
351 659 405 702 ου’
436 661 600 716 μέμνῃ,
634 659 704 702 ὅτε
739 662 952 729 Τυδείδην
981 658 1195 731 Διομήδε’
1227 658 1392 711 ἀνῆκας

244 717 263 737 *
295 715 558 771 οὐτάμεναι,
590 715 697 772 αὐτὴ
729 718 774 760 δὲ
802 718 1026 767 πανόψιον
1053 732 1174 772 εγχος
1203 715 1363 758 ελοῦσα

124 840 211 874 quae
236 828 376 863 serioris
401 828 477 862 aevi
508 840 631 862 morem
657 833 693 863 et
716 829 935 863 consuetudi·
983 826 1048 859 nisi
1088 826 1268 869 posterius.
1325 826 1470 860 Suidas:
1515 822 1724 869 κυνάμυια,
1766 819 1790 867 ἡ

123 887 198 908 nem
218 875 370 918 fingendi
396 875 528 908 omnino
555 875 698 909 redolet.
737 887 848 920 neque
873 875 937 908 mi-
985 871 1230 916 άναιδεστατη
1251 879 1318 906 etc.
1368 871 1592 917 άναλογικόν
1611 877 1663 904 est
1681 869 1791 904 κυνό-

124 932 187 954 nus
221 921 427 954 imitatorem
462 932 580 965 parum
624 922 756 954 felicem
790 921 940 965 produnt
985 932 1099 962 μυια,
1124 930 1190 951 non
1209 919 1287 951 item
1309 920 1516 962 κυνάμυια,
1542 918 1596 951 cui
1617 917 1792 950 dissimilia

124 977 178 999 vs,
202 966 370 1000 464—6.
403 965 445 998 ad
480 968 507 1008 ζ.
535 968 649 1003 146-
667 969 700 1001 9
735 967 940 1000 adumbrati.
986 966 1093 998 verba
1122 964 1378 1006 μεσαιπόλιος.
1411 964 1616 1019 ἀκράχολος
1639 969 1675 996 et
1703 964 1793 1006 ejus-

124 1012 180 1045 his
211 1023 347 1056 quoque
380 1012 499 1055 ejectis
535 1013 741 1056 reliquorum
778 1013 940 1056 junctura
987 1012 1076 1044 modi
1101 1011 1167 1043 alia
1192 1011 1386 1055 praetendit
1406 1012 1456 1054 E,
1483 1012 1518 1044 in
1538 1011 1659 1055 quibus
1681 1021 1704 1041 α
1722 1008 1794 1041 sive

126 1058 409 1102 interpolatorem
431 1058 532 1102 plane
555 1059 689 1103 prodit.
715 1060 828 1092 fumus
853 1059 940 1091 enim
987 1071 1027 1091 αι
1055 1064 1254 1100 usurpatum
1286 1064 1340 1089 est
1367 1057 1410 1090 ad
1439 1056 1691 1113 producendum
1722 1065 1795 1087 eam

128 1115 169 1136 ex
194 1105 280 1136 urbe
304 1103 445 1136 incensa
469 1104 502 1137 in
529 1105 795 1149 comparatione,
821 1105 941 1139 522-
988 1102 1173 1147 syllabam,
1198 1103 1474 1146 quemadmodum
1503 1109 1539 1136 et
1566 1098 1798 1154 ἐλαφηβόλος

128 1151 173 1190 3,
198 1149 242 1182 ad
261 1150 388 1182 fumum
410 1162 429 1182 e
452 1149 591 1183 flumine
612 1151 782 1183 exsiccato
802 1155 838 1183 et
857 1150 942 1194 ripis
989 1160 1051 1193 pro
1065 1148 1292 1191 ελαφοβολος
1304 1149 1476 1182 dixerunt
1503 1148 1694 1193 composuit
1707 1148 1796 1180 hanc

130 1195 281 1235 exustis,
315 1207 381 1238 quo
407 1196 612 1229 ciicumfuso
638 1196 784 1230 Achilles
810 1197 942 1229 hostem
988 1206 1106 1227 vocem
1131 1197 1252 1238 poeta,
1296 1206 1365 1239 qua
1392 1195 1606 1238 significaret
1636 1203 1796 1227 summam

128 1241 316 1285 fugientem
351 1242 486 1282 caedit,
522 1241 655 1275 omnino
689 1241 854 1286 respicit,
892 1242 942 1275 ita.
989 1240 1162 1273 audaciam
1193 1246 1298 1283 atque
1323 1240 1585 1284 impudentiam,
1618 1239 1728 1283 qualis
1747 1246 1798 1270 est

130 1293 189 1326 ut,
214 1287 369 1331 episodio
390 1287 606 1332 interposito,
632 1287 737 1320 omnis
758 1288 832 1330 ejus
851 1288 943 1331 apti-
989 1297 1107 1318 canum
1133 1291 1168 1317 et
1194 1296 1397 1326 muscarum,
1425 1290 1463 1318 ut
1483 1286 1665 1318 annotavit
1679 1284 1794 1316 Schol.

129 1334 211 1366 tudo
247 1337 283 1365 et
316 1333 489 1375 elegantia
522 1335 751 1366 evanescat.“
797 1333 848 1364 ita
872 1344 943 1365 rem
991 1334 1017 1364 A
1041 1331 1091 1372 (v,
1119 1329 1175 1371 α’,
1193 1331 1282 1370 2Ξ5,
1309 1330 1336 1373 ρ’
1351 1357 1360 1372 ,
1379 1333 1448 1366 570
1468 1331 1574 1374 etc.);
1598 1330 1696 1373 cujus
1719 1341 1798 1362 sen-

129 1378 318 1412 confecisse
351 1379 416 1411 sibi
450 1379 589 1411 videtur
625 1379 678 1411 vir
714 1378 943 1419 doctissimus,
990 1376 1118 1409 tentiae
1149 1376 1330 1410 subscribo
1364 1377 1478 1422 potius
1512 1387 1612 1421 quam
1640 1375 1798 1408 Scholia-

129 1436 205 1458 cum
229 1435 296 1456 non
320 1425 439 1463 videt,
469 1424 561 1469 quod
586 1429 692 1468 caput
717 1429 786 1464 est,
820 1423 944 1457 dudum
989 1428 1117 1455 starum
1146 1423 1284 1456 Townl.
1316 1427 1351 1455 et
1383 1424 1534 1465 Victor.,
1567 1422 1626 1466 qui
1660 1422 1798 1462 ricinos,
1832 1428 1834 1436 '

131 1475 288 1514 coeptam
308 1481 384 1503 esse
400 1471 486 1502 hanc
504 1482 653 1516 pugnam
671 1470 821 1508 deorum,
843 1481 944 1514 quam
989 1467 1190 1512 κρότωνας,
1206 1468 1453 1511 κυνοραϊστάς
1470 1469 1617 1513 (odyss,
1631 1467 1674 1510 ρ’,
1685 1467 1798 1510 300.),
1844 1469 1847 1489 ²

130 1522 311 1560 tantopere
325 1516 455 1549 amoliri
469 1517 597 1559 studet
614 1515 743 1549 Xanthi
761 1516 945 1548 certamine
991 1515 1204 1558 intelligunt,
1240 1516 1362 1559 quibus
1389 1514 1531 1549 insectis
1558 1514 1642 1547 nihil
1666 1513 1799 1557 negotii
1830 1522 1831 1529 ¹

130 1573 206 1595 cum
239 1562 370 1595 Achille
411 1567 447 1595 et
491 1542 662 1602 Vulca⁷n03
703 1562 794 1594 victo
831 1567 944 1594 autem
992 1565 1046 1593 est
1076 1571 1151 1593 cum
1181 1560 1351 1595 Minerva.
1408 1562 1528 1594 Voss:
1561 1561 1802 1593 schamloseste
1834 1560 1844 1568 ’

130 1608 268 1642 Xantho
301 1614 434 1640 ceteros
469 1608 650 1641 earundem
676 1608 824 1651 partium
849 1608 945 1648 deos,
983 1606 1104 1650 JIIege.
1145 1612 1294 1639 ceterum
1323 1607 1436 1642 nescio
1468 1607 1545 1651 quis
1574 1606 1608 1638 in
1636 1604 1802 1639 Antholo-

130 1653 286 1698 inprimis
329 1654 479 1686 Martem
530 1653 827 1698 impotentiorem,
878 1665 946 1686 non
991 1652 1050 1695 gia
1082 1652 1213 1695 (Anth.
1243 1653 1355 1686 Palat.
1386 1656 1419 1687 2.
1455 1665 1488 1697 p.
1518 1652 1622 1696 627.)
1658 1650 1802 1684 ridicule
1844 1687 1847 1693 Ι

130 1710 233 1745 posse
257 1711 324 1732 non
344 1711 548 1733 succurrere
570 1699 734 1742 Trojanis
759 1698 793 1731 in
819 1710 945 1732 summo
993 1703 1145 1731 ventrem
1182 1699 1371 1743 appellavit
1395 1697 1622 1741 κυνόμυιαν,
1654 1708 1727 1730 cum
1760 1707 1803 1729 ne

130 1745 339 1786 discrimine,
364 1757 406 1778 ne
431 1746 628 1789 ignaviores
649 1745 772 1778 Fluvio
798 1757 872 1779 esse
891 1745 948 1777 vi·
991 1744 1069 1787 ipse
1095 1744 1231 1788 quidem
1262 1745 1451 1788 cogitaret,
1478 1745 1607 1785 credo,
1636 1744 1802 1777 insectum
1828 1749 1837 1758 ¹¹

131 1792 290 1825 deantur.
327 1797 510 1835 praeterea
528 1792 675 1824 fabulam
694 1792 793 1824 istam
811 1791 854 1823 de
872 1792 947 1824 Ne-
991 1789 1095 1831 illud,
1132 1790 1193 1823 sed
1211 1791 1324 1824 fictam
1352 1792 1438 1824 hanc
1459 1792 1501 1824 ab
1529 1791 1678 1824 Homero
1705 1790 1804 1821 cani-

131 1838 230 1883 ptuni
255 1843 291 1871 et
316 1836 484 1881 Apollinis
512 1849 633 1892 ''opera
648 1837 871 1870 Laomedonti
894 1837 946 1870 lo-
994 1847 1165 1878 muscam,
1191 1836 1220 1869 si
1244 1838 1294 1870 ita
1314 1837 1368 1871 fis
1396 1842 1451 1871 est
1474 1836 1608 1876 dicere,
1635 1835 1804 1869 vocabulo
1828 1837 1841 1854 *¹¹

132 1890 212 1917 cata
236 1883 293 1916 hic
318 1888 434 1916 noster
459 1883 578 1927 attigit
601 1881 646 1927 η’,
670 1883 860 1922 453,1oco
887 1883 949 1916 mi-
997 1893 1078 1915 cuso
1102 1881 1203 1915 simili
1222 1882 1338 1917 latino.
1383 1883 1510 1917 herbae
1538 1893 1647 1926 genus
1675 1893 1804 1924 cogno-
1831 1885 1844 1892 ”

133 1930 223 1963 nime
247 1934 433 1974 suspect03
465 1941 529 1962 nec
561 1940 716 1972 magnum
747 1935 949 1963 momentum
997 1928 1084 1961 mine
1111 1934 1226 1962 notum
1248 1936 1300 1962 est
1331 1941 1373 1963 ex
1400 1928 1510 1963 Plinio
1536 1928 1578 1961 H
1603 1929 1650 1962 N.
1671 1928 1728 1968 25,
1749 1929 1804 1961 11.
1837 1934 1839 1945 ’

134 1976 259 2018 habet,
299 1975 390 2019 quod
423 1975 477 2008 hic
510 1975 610 2019 paulo
643 1975 743 2008 aliter
778 1982 949 2008 narratur.
997 1994 1042 1999 --
1074 1987 1234 2030 αητον.
1282 1975 1334 2008 E:
1365 1974 1548 2031 θάρσος
1583 1972 1729 2030 αἠτον
1750 1970 1803 2006 τὸ
1836 1984 1837 1988 ’

136 2022 230 2066 quod
256 2026 367 2054 autem
394 2020 479 2054 dicit
499 2021 698 2064 Knightffis,
722 2032 845 2066 sapere
865 2022 950 2054 haec
995 2019 1091 2055 πολυ
1111 2021 1171 2056 καὶ
1188 2021 1322 2065 γοργὸν
1344 2020 1439 2056 κατὰ
1462 2019 1616 2064 ἄνεμον,
1641 2018 1714 2055 άπὸ
1735 2020 1803 2052 τοῦ

117 2067 363 2106 ‚recentiorum
381 2078 494 2100 mores
517 2074 718 2111 temporum,
743 2070 845 2123 plane
869 2079 951 2100 con-
999 2065 1053 2100 ὀίω
1074 2065 1115 2102 τὸ
1134 2067 1232 2102 πνέω
1254 2081 1284 2101 κ.
1306 2068 1589 2122 προθυμοῦμαι.
1613 2065 1692 2102 εἶπε
1713 2065 1805 2122 γοῦν
1834 2072 1842 2082 '⁴

138 2119 193 2147 tra
213 2119 278 2154 est,
302 2113 497 2157 habentque
516 2113 652 2146 numina
669 2113 735 2146 ista
758 2111 951 2156 άνθρωπί-
997 2112 1068 2170 πρὸ
1097 2116 1230 2157 μικροῦ
1259 2114 1364 2156 (386.
1378 2115 1415 2157 ),
1461 2111 1519 2148 ότι
1547 2112 1611 2148 καὶ
1647 2109 1804 2154 θυμός
1840 2150 1846 2157 ,

137 2161 248 2201 ζοντα
273 2170 387 2192 verum
414 2160 561 2192 colorem
587 2158 815 2203 antiquitatis.
854 2161 952 2193 mitto
999 2157 1116 2204 ἄητο
1151 2159 1200 2195 ἐν
1240 2160 1401 2204 φρεσι,
1445 2159 1632 2194 τουτέστιν
1666 2159 1804 2193 ἔπνεεν.
1830 2155 1843 2177 ’“

137 2204 274 2249 reliqua
299 2205 341 2237 ab
367 2216 406 2237 eo
433 2205 568 2249 prolata
601 2204 636 2237 in
668 2206 813 2239 medium
847 2217 953 2249 argu·
1000 2207 1084 2239 haec
1105 2206 1235 2239 notatio
1259 2217 1324 2238 non
1345 2211 1413 2239 tam
1434 2206 1551 2250 inepta
1571 2205 1651 2239 mihi
1670 2205 1807 2238 videtur

137 2257 253 2284 menta
276 2252 450 2292 νοθείας,
485 2262 561 2284 cum
585 2251 657 2284 sint
678 2252 781 2285 etiam
804 2251 871 2285 illis
893 2252 953 2284 in-
1000 2264 1101 2295 quam
1120 2253 1287 2295 Heyneo,
1311 2263 1385 2285 cum
1407 2257 1442 2285 et
1463 2251 1580 2285 similis
1607 2263 1675 2285 vox
1701 2246 1786 2285 οἷετὸ
1808 2281 1810 2286 ,
1838 2246 1844 2271 ¹

138 2296 305 2337 firmiora,
324 2296 525 2340 praesertim
546 2297 653 2330 verba
668 2299 835 2341 quaedam
855 2294 954 2340 ἅπαξ
1001 2297 1180 2331 derivetur
1199 2298 1242 2331 ab
1266 2295 1333 2338 «iim,
1358 2295 1461 2342 ἄημι,
1483 2309 1582 2340 „von
1603 2297 1666 2331 der
1682 2296 1789 2331 Leich

138 2340 338 2386 λεγόμενα,
374 2343 417 2375 de
451 2344 594 2386 quibus,
630 2342 689 2375 ubi
724 2354 810 2388 opus
844 2343 954 2377 visum
1000 2343 1127 2387 tigkeit
1144 2355 1175 2376 u.
1194 2343 1439 2388 Schnelligkeit
1458 2343 1518 2377 des
1533 2343 1808 2377 windahnlichen
1832 2349 1843 2359 ·“

139 2389 267 2430 suerit,
290 2388 326 2422 in
350 2388 494 2432 singulis
517 2388 600 2422 locis
622 2390 824 2423 sententiam
846 2401 953 2424 meam
1002 2390 1111 2422 hohen
1141 2389 1329 2433 Fluges,“
1354 2397 1391 2424 ut
1422 2390 1470 2423 ait
1494 2390 1599 2423 S‹hn.
1625 2401 1658 2423 v.
1691 2387 1806 2428 ἀετός.
1837 2390 1847 2412 ¹

139 2435 366 2493 interponam.
1001 2441 1118 2468 vertas
1143 2435 1252 2479 igitur
1279 2435 1360 2470 licet
1384 2435 1530 2478 θάρσος
1548 2433 1666 2480 ἄητον
1696 2436 1791 2468 auda
1830 2441 1833 2451 '

186 2483 268 2536 392.
301 2478 577 2535 ῥινοτόρος.
623 2481 707 2525 Ap.=
743 2476 763 2515 ὁ
786 2480 875 2521 τοϊς
898 2479 952 2524 ρι-
1000 2483 1089 2514 ciam
1113 2487 1310 2522 ventosam,
1337 2481 1614 2527 quemadmodum
1634 2487 1773 2515 ventosa
1805 2507 1807 2511 ,

138 2539 230 2568 νονς
255 2524 550 2582 διατιτροόσκων,
574 2526 739 2561 τουτέστι
761 2526 828 2567 τοὶς
847 2526 953 2562 α’σπί-
998 2529 1130 2572 plebem
1160 2527 1249 2561 dixit
1276 2528 1420 2561 Flaccus
1445 2529 1557 2573 Epist.
1584 2529 1711 2568 1,19,
1737 2528 1794 2562 37.
1834 2534 1838 2545 ’

139 2576 221 2614 δας.
264 2572 288 2618 ἢ
323 2569 342 2608 ὃ
367 2572 433 2608 τὸν
465 2573 589 2627 χρῶτα
614 2572 831 2616 διατέμνων.
871 2585 954 2608 vera
999 2580 1175 2607 ventosam
1208 2578 1242 2607 ct
1281 2575 1480 2608 insolentem
1513 2573 1687 2606 nationem
1720 2573 1806 2606 Plin.
1840 2580 1843 2589 “

140 2624 194 2654 est
217 2619 312 2665 prior
330 2620 450 2654 harum
470 2619 801 2676 interpretationum.
834 2620 885 2653 sic
907 2617 952 2661 6,
1001 2620 1173 2664 Panegyr.
1207 2621 1251 2655 31
1280 2623 1346 2654 etc.
1383 2619 1583 2676 metaphora
1607 2619 1811 2652 oblitterat
1839 2656 1847 2665 .,

142 2666 221 2700 447.
251 2671 287 2699 et
306 2663 367 2709 θ’,
398 2668 475 2701 61.=
502 2664 569 2708 ξύν
592 2664 612 2709 6
657 2664 789 2710 ἔβαλον
814 2665 954 2709 ῥινούς,
1000 2665 1170 2709 Hesych:
1203 2663 1328 2709 ἄητον.
1362 2665 1477 2706 πολύ,
1502 2664 1616 2708 μέγα,
1642 2667 1723 2710 Apa
1748 2677 1793 2708 με
1834 2670 1835 2675 ’

143 2711 213 2755 ξὺν
232 2709 270 2746 6'
292 2710 407 2757 ἔγχεα.
439 2722 615 2765 nusquam,
633 2711 726 2755 quod
744 2712 856 2754 sciam,
876 2724 955 2746 cor-
1000 2710 1230 2767 γαλοβλαβὲς.
1266 2712 1443 2745 Nicander
1464 2711 1573 2747 Ther.
1593 2712 1671 2746 783.
1686 2724 1694 2744 ε
1716 2724 1791 2754 ποη

143 2769 230 2804 pora
250 2759 420 2792 hominum
443 2757 601 2791 dicuntur
624 2756 734 2800 ῥινοί.
1002 2757 1122 2802 φάγος
1138 2757 1219 2793 αἰὲν
1239 2770 1364 2801 αητος,
1384 2757 1417 2790 h.
1434 2770 1462 2791 e.
1481 2758 1702 2798 insatiabilis,
1721 2768 1804 2801 qua·
1837 2758 1840 2764 '

191 2813 318 2851 394.-
329 2816 410 2850 396
454 2815 710 2858 κυνάμυια
764 2815 814 2848 sic
850 2816 958 2859 major
1003 2804 1095 2838 notio
1120 2804 1226 2838 minus
1250 2809 1331 2848 apta
1355 2810 1409 2837 est
1427 2803 1504 2859 hqic
1521 2802 1609 2857 lopo.
1643 2803 1688 2837 cf.
1708 2804 1803 2837 Butt-

147 2873 229 2907 pars
259 2861 442 2901 librorum,
473 2861 509 2894 in
541 2862 662 2905 quibus
684 2861 757 2894 Ald.
783 2863 815 2895 3.
827 2886 837 2902 ,
869 2874 958 2906 quae
1003 2862 1115 2884 mann·
1152 2850 1257 2884 Lela-
1282 2852 1338 2884 57·
1364 2868 1408 2873 -
1450 2862 1474 2894 η
1507 2861 1571 2884 ⁰²²·
1607 2850 1814 2894 ¹¹¹⁰¹¹⁰⁵y¹¹ffi

147 2914 261 2942 tamen
279 2913 314 2941 et
331 2908 407 2951 ipsa
428 2905 507 2941 421.
527 2907 629 2940 habet
647 2906 846 2951 κυνάμυια,
867 2909 959 2942 sicut
1004 2899 1093 2930 bum·
1126 2907 1160 2929 V·
1185 2909 1204 2931 ⁰
1227 2920 1237 2936 ⁹
1264 2896 1304 2930 18
1327 2900 1394 2931 02⁰·
1416 2916 1462 2922 ·-
1492 2893 1682 2940 θῖνῆκδν
1706 2895 1802 2940 ἄνῆ

151 2959 301 2997 utroque
324 2953 399 2987 loco
416 2953 518 2993 ten
544 2953 681 2986 'lo.wnl
700 2959 735 2987 et
757 2954 852 2989 Vrat.
868 2954 901 2987 d.
925 2959 961 2988 et
1005 2955 1096 2981 κας·
1123 2954 1172 2983 θ’
1195 2943 1263 2977 405
1283 2948 1350 2976 8ῗο-

153 3001 216 3032 hoc
244 3004 279 3032 et
304 2998 387 3039 illud
414 2998 581 3043 explicuit
600 2999 767 3044 Hesych.,
791 3002 855 3045 Ap.
875 3011 960 3034 non·
1051 3000 1139 3040 397,
1164 3000 1196 3034 8.
1239 2998 1489 3043 πανόψιον
1512 2998 1662 3045 ἔγχος.
1696 2999 1803 3034 Schol
1842 2987 1847 3020 ¹
