1862 3277
627 161 1156 206 ΙΛΙΑΔΟΣΞ.
1625 167 1708 207 227

219 267 380 321 ἓστᾶσ’,
413 271 461 313 οἵ
486 266 530 324 μ’
564 271 762 313 οίσουσιν
791 268 860 312 ἐπὶ
889 269 1117 340 τραφερήν
1142 285 1186 311 τε
1217 270 1290 312 καὶ
1319 271 1474 343 ὑγρήν,

219 331 304 370 νῦν
334 329 379 370 δε
410 330 488 370 σεῦ
519 328 663 369 εἵνεκα
694 329 825 381 δεῦρο
856 324 956 368 κατ’
985 324 1227 380 Οὐλύμπου
1257 326 1353 370 τόδ’
1387 331 1544 383 ἱκάνω,

109 389 193 429 310
223 384 377 438 μήπως
406 401 479 438 μοι
508 384 730 434 μετέπειτα
759 383 992 437 χολώσεαι
1026 385 1074 425 αἴ
1099 398 1146 425 κε
1177 387 1320 440 σιωπή

219 442 404 495 οἴχωμαι
433 439 544 494 πρὸς
574 442 700 494 δῶμα
729 439 994 495 βαθυρρόου
1022 439 1264 483 :sa-nemeto
1277 445 1304 465 “

304 518 394 573 Τὴν
424 516 466 561 δ’
499 516 849 590 ἀπαμειβόμενος
876 517 1076 574 προσέφη
1106 517 1421 587 νεφεληγερέτα
1451 522 1580 574 Ζεύς·

218 574 384 629 ,s'H927,
414 580 528 618 κεῖσε
555 575 633 630 μὲν
665 575 752 617 ἔστι
781 592 854 616 και
884 575 1070 626 ὕστερον
1099 573 1373 630 ὁρμηθῆναι·

216 637 301 674 νῶι·
330 631 377 674 6'
408 630 479 686 ἄγ’
512 632 559 674 ἐν
589 631 787 702 φιλότητι
817 633 1079 703 τραπείομεν
1108 632 1354 687 εὐνηθέντε.

103 689 187 732 315
218 704 271 730 ου
299 687 382 743 γὰρ
414 688 586 731 πωποτέ
616 685 664 742 μ’
698 684 782 731 ὦδε
812 692 918 738 θεᾶς
947 689 1066 742 ε’,ρος
1100 688 1244 731 οὐδὲ
1231 688 1466 743 γυναικὸς,

214 745 361 797 θυμόν
391 744 455 787 ἐνὶ
467 744 694 816 στήθεσσι
725 747 1063 816 περιπροχυθεὶς
1093 745 1358 800 εόάμασσεν,

217 799 317 844 ov'6'
349 800 478 844 ὁπότ’
509 801 740 858 ἠρασάμην
764 800 960 856 Ἰξιονίης
991 801 1192 855 ἀλόχοιο,

216 857 245 913 ἢ
274 857 366 901 τέκε
397 861 666 913 Πειρίθοον,
696 858 861 913 θεόφιν
889 858 1084 914 μήστωρ’
1117 858 1385 910 ἀτάλαντον,

218 913 320 957 οὐδ’
349 915 420 958 ὅτε
449 931 529 969 περ
559 914 742 970 Δανάης
770 915 1077 970 καλλισφύρου
1101 913 1401 986 Ἀκρισιώνης,

106 976 188 1015 320
217 970 245 1027 ἢ
273 971 366 1014 τέκε
398 975 598 1026 Περσῆα,
629 971 808 1015 πάντων
836 971 1107 1025 ἀριδείκετον
1138 971 1341 1027 ἀνδρῶν,

210 1025 314 1070 οὐδ’
345 1028 416 1071 ὅτε
451 1031 662 1079 Φοίνικος
690 1027 858 1085 κούρης
886 1033 1192 1085 τηλεκλειτοῖο,

40 1174 94 1198 me
109 1164 168 1197 des
182 1165 537 1221 quellenstro'menden
553 1165 632 1201 Ida.
642 1184 687 1190 —
709 1178 760 1209 τρ
771 1178 845 1209 αφ.

41 1222 88 1245 τε
112 1223 144 1244 κ.
167 1208 325 1255 ὑγρήν.
374 1212 493 1256 γῆνκ.
517 1210 728 1246 θάλασσαν.
762 1212 848 1256 (ite-

40 1267 112 1290 rum
147 1257 211 1290 hoc
242 1258 388 1291 habetur
402 1258 548 1313 odyss.
581 1257 628 1299 ν’,
661 1260 717 1293 98.
759 1261 847 1303 Ap..

40 1315 152 1348 τραφ.
188 1302 324 1347 ξηράν·
372 1301 414 1338 τὸ
446 1303 517 1348 γὰρ
550 1304 696 1349 θρέψαι
711 1306 847 1360 πῆξαι

39 1349 302 1407 οι0.5111111110,ι·
324 1350 436 1405 Etym.
461 1356 496 1384 et
514 1351 608 1395 Hesy
613 1352 666 1384 ch.
694 1348 732 1393 ε’,
747 1353 844 1405 902.;

42 1407 94 1436 ως
117 1395 155 1431 δ’
181 1392 242 1431 στ’
267 1394 360 1436 ὀπὸς
383 1395 476 1453 γάλα
501 1398 633 1431 λευκὸν
658 1395 846 1442 ἐπειγόμε-

37 1454 103 1483 νος
117 1442 421 1499 εΐξυνιὲπεηξεν,
458 1441 591 1487 Ty96v
629 1443 714 1485 εόν,
745 1444 846 1488 μάλα

36 1485 78 1523 δ’
102 1501 180 1523 mna
202 1489 549 1545 περιτρέφεται
571 1489 763 1525 κυκόωντι.
798 1491 843 1524 cf.

37 1535 165 1591 Odyss.
188 1534 225 1578 1.',
250 1537 330 1572 246.
366 1536 471 1569 fuerit
493 1536 602 1581 igitur
625 1536 789 1593 τραφερή
814 1550 845 1594 u.

35 1577 128 1639 νγρή
161 1581 419 1638 intelligendum
443 1583 510 1626 τῆς
534 1584 600 1627 γῆς
631 1582 652 1628 ἡ
678 1598 744 1627 τρ(
749 1583 843 1629 φερή

34 1639 67 1663 κ.
93 1626 207 1673 υγρὴ,
230 1634 346 1662 terrae
370 1640 454 1672 pars
475 1635 654 1674 compacta
679 1637 712 1664 et
731 1632 840 1664 humi·

34 1675 92 1716 da,
112 1686 209 1718 quem
225 1674 359 1708 modum
381 1675 519 1710 dicendi
537 1676 703 1733 explicuit
714 1677 842 1711 Matth.

33 1721 66 1761 5.
89 1722 178 1763 353,
202 1722 237 1756 3.
265 1721 422 1764 fertilem
446 1720 488 1757 τὸ
513 1721 703 1768 τραφερὴν
723 1724 841 1758 reddi-

32 1766 84 1800 dit
106 1746 212 1801 Sch’n.
237 1778 272 1800 v.
293 1767 488 1813 τραφερός.

79 1823 159 1859 314.
185 1823 232 1859 ἐν
255 1827 348 1869 φιλ.
372 1837 505 1869 τραπ.
542 1826 575 1859 1ι.
601 1839 631 1860 0.
657 1828 709 1868 εἰς
734 1824 841 1880 φιλό-

32 1882 125 1915 τητα
155 1873 372 1926 τραπώμεν,
413 1870 654 1915 τραπώμεθα.
718 1875 762 1907 cf.
796 1871 841 1918 γ’,

31 1915 113 1952 441.
150 1919 262 1952 minus
295 1917 479 1953 verisimile
512 1924 585 1959 est,
622 1919 753 1964 placuit
787 1924 841 1954 ta-

31 1973 108 1997 men
126 1963 515 2023 Ηογ1100,τραπιῦμεν
534 1965 658 1998 dictum
682 1977 758 1999 esse
775 1977 839 2010 pro

29 2010 249 2064 ταρπώμεν,
283 2009 358 2046 εὗν.
384 2010 423 2046 ἐν
449 2025 488 2056 φ.
500 2036 510 2052 ,
544 2011 697 2056 quamvis
721 2011 839 2046 Schol.

29 2055 60 2089 B
66 2056 327 2111 interpretetur
337 2059 569 2102 τερφθωμεν,
594 2058 684 2103 quod
698 2058 838 2092 verbum

30 2101 132 2137 etiam
166 2103 346 2158 Apollonio
381 2104 625 2138 restituendum
651 2115 726 2138 esse
750 2104 839 2138 vidit

29 2148 82 2182 Η·
116 2161 192 2183 nam
216 2149 266 2183 sic
286 2150 348 2184 ille
380 2150 415 2184 in
440 2151 566 2185 codd.
603 2151 834 2207 τραπείομεν.

28 2196 259 2254 τρεφθαῖμεν.
305 2197 449 2242 εἴρηται
481 2194 522 2232 δὲ
552 2196 646 2233 κατὰ
677 2196 837 2240 μετάθε-

29 2251 88 2276 σιν
118 2241 203 2278 ἀντὶ
235 2243 305 2278 τοῦ
339 2244 573 2299 ταρπείομεν.
621 2243 750 2288 Odyss.
787 2241 834 2286 α’,

28 2287 129 2324 421.-
164 2289 200 2325 οὶ
224 2287 267 2324 δ’
290 2289 341 2331 εἰς
377 2289 561 2335 ὀρχηστύν
588 2303 628 2327 τε
661 2289 724 2325 καὶ
757 2290 835 2334 ἱμε-

26 2332 180 2378 ρόεσσαν
213 2333 350 2381 ἀοιδὴν
377 2336 615 2381 Τρεψάμενοι
644 2335 834 2379 τέρποντο.

27 2400 74 2407 -
96 2381 191 2416 100115
212 2383 444 2428 reprehensus
468 2396 542 2418 cum
566 2385 610 2417 ab
634 2383 729 2420 aliis
765 2389 834 2417 tum

29 2438 51 2461 a
79 2426 225 2462 Platone
258 2429 346 2464 libro
382 2430 425 2464 de
457 2430 546 2475 Rep.
570 2431 604 2484 3.
628 2442 662 2475 p.
688 2431 767 2465 390.
793 2430 834 2472 Β,

30 2472 81 2517 C,
102 2479 246 2520 propter
268 2475 465 2517 levitatem3
487 2476 614 2521 injuria
638 2476 787 2521 quidem.

70 2543 161 2586 315,
183 2543 265 2579 316.
296 2543 536 2588 γυναικός.
563 2546 722 2603 feminae
742 2557 835 2579 mor-

27 2588 131 2630 talis,
163 2595 203 2624 ut
232 2590 341 2632 alias,
376 2596 561 2626 annotante
586 2592 639 2625 Η·
682 2589 706 2638 ἢ
729 2591 834 2634 θεὸς,

28 2632 70 2678 ἠὲ
88 2647 182 2680 γυνη
194 2660 206 2677 ,
229 2647 328 2681 quem
343 2637 452 2672 locum
470 2649 538 2672 non
557 2638 705 2672 invenio.
730 2638 832 2679 „Cic.

29 2679 74 2715 de
96 2681 169 2718 Off.
193 2684 234 2724 1,
258 2684 337 2718 31.=
372 2685 589 2725 mulieribus,
622 2685 652 2718 si
679 2685 774 2718 Circe
799 2690 833 2719 et

30 2725 172 2772 Calypso
218 2730 377 2764 mulieres
422 2731 654 2775 appellandae
698 2736 791 2765 sunt.
806 2734 832 2751 “

28 2771 60 2805 Ε
81 2773 125 2806 K.
170 2774 270 2809 Sch.·
291 2777 696 2832 περιπροχυθείς.
730 2789 831 2822 περι-

25 2817 167 2861 πεσών,
188 2821 389 2867 κατασχών.

71 2876 280 2914 317-327.
326 2891 448 2916 versus
490 2879 741 2925 αθετούμενοι
784 2882 829 2916 ab

26 2920 253 2979 Aristophane
293 2930 328 2961 et
361 2928 626 2970 Grammaticis,
669 2932 829 2973 tanquam

25 2967 133 3013 magis
163 2970 235 3015 apti
265 2973 309 3007 ad
340 2974 599 3010 abalienandum
623 2985 723 3021 quam
748 2985 830 3009 con-

891 1163 1072 1198 ciliandum
1089 1165 1233 1199 Junonis
1257 1165 1423 1206 animum,
1447 1166 1584 1212 ipsique
1606 1168 1703 1203 Jovis

891 1211 1076 1256 cupiditati
1102 1224 1218 1256 parum
1243 1212 1499 1248 convenientes.
1547 1220 1625 1249 sunt
1648 1221 1703 1249 ta-

891 1269 968 1291 men
991 1269 1054 1290 1100
1079 1257 1270 1298 invenusti,
1304 1263 1340 1292 et
1363 1259 1496 1292 serendi
1522 1273 1597 1295 cum
1620 1273 1702 1306 pro-

892 1309 1031 1348 pterea,
1058 1304 1139 1347 quia
1161 1310 1232 1338 tum
1257 1305 1385 1339 licebat
1409 1306 1572 1340 uxoribus
1595 1307 1702 1342 indu-

891 1361 971 1383 cere
1002 1349 1163 1394 pellices,
1207 1351 1332 1395 quibus
1367 1351 1425 1385 vel
1465 1353 1702 1396 pulcherrimis

890 1407 928 1429 se
953 1396 1122 1440 praeferri
1146 1403 1280 1440 gratum
1309 1398 1385 1430 fore
1409 1397 1533 1432 Junoni
1557 1400 1702 1435 videba-

892 1447 949 1475 tur
956 1442 1094 1503 (qupd
1127 1449 1163 1476 et
1187 1443 1221 1476 H
1256 1444 1485 1488 perspexit);
1524 1453 1594 1479 tum
1619 1447 1701 1491 quia

892 1487 1077 1522 verisimile
1103 1493 1176 1530 est,
1210 1489 1395 1523 Homerum
1418 1502 1458 1524 eo
1483 1492 1626 1526 consilio
1646 1497 1702 1528 tot

890 1533 987 1567 Jovis
1019 1546 1151 1568 amores
1181 1547 1460 1580 commemorare,
1501 1549 1588 1581 quos
1610 1550 1700 1574 nunc

891 1581 1076 1614 contemnit
1100 1582 1202 1623 deus,
1228 1587 1285 1623 ut,
1309 1590 1436 1626 quanta
1460 1582 1508 1617 sit
1532 1596 1700 1631 quamque

891 1626 1053 1660 mirabilis
1084 1627 1138 1660 vis
1171 1628 1278 1668 cesti,
1323 1640 1423 1673 quem
1441 1637 1584 1686 ,gestat
1595 1631 1699 1674 Juno,

889 1672 1135 1716 intelligamus
1173 1693 1219 1698 --
1265 1674 1372 1708 Sena
1427 1674 1699 1734 ἠρασάμην.

888 1717 1073 1763 ἠράσθην.
1116 1718 1183 1766 Ἰξ.
1211 1717 1426 1776 ἀλόχοιο.
1464 1737 1529 1766 της
1547 1721 1700 1767 Ἰξίονος

885 1765 1077 1809 γυναικός.
1113 1766 1159 1811 ἦν
1177 1765 1217 1801 δὲ
1235 1764 1330 1812 αὕτη
1350 1768 1524 1815 θυγατήρ
1546 1769 1698 1812 Ἰονέως.

886 1813 978 1855 (ῐιιιο
1015 1812 1223 1858 Δηϊονέωςτ
1262 1825 1295 1847 v.
1328 1814 1405 1859 ipse
1432 1816 1514 1849 Sch.
1549 1829 1627 1851 ann.
1653 1819 1699 1854 ad

887 1860 935 1899 α’,
968 1861 1048 1894 268.
1093 1859 1253 1893 mendose
1292 1860 1395 1894 etiam
1429 1862 1485 1894 Η
1466 1861 1589 1906 yginus
1622 1865 1696 1899 fab.

887 1884 987 1940 155.
1028 1905 1203 1939 Pirithous
1235 1917 1275 1939 ex
1300 1907 1370 1940 Dia
1397 1908 1505 1942 Oenei
1530 1911 1608 1950 filia
1633 1922 1697 1955 pro

888 1953 960 1984 Dia
971 1952 1174 2007 De'ionei.)
1211 1950 1303 1993 μετὰ
1340 1951 1464 1988 δὲτὸ
1500 1957 1698 2000 φθαρῆναι

886 1995 1008 2042 αὐτὴν
1041 1995 1115 2033 ὑπό
1152 1997 1244 2039 Διὸς
1266 1996 1420 2044 ν’στερον
1441 1998 1565 2043 Ἰξίονι
1597 2002 1697 2046 ἐζεύ-

884 2047 973 2099 χθη.
1015 2063 1061 2071 -
1110 2046 1398 2101 Πειρίθοον.
1440 2047 1496 2092 β’,
1535 2048 1615 2084 741.
1649 2069 1697 2076 —·

883 2089 1066 2134 θεόφιν
1101 2103 1136 2134 μ.
1173 2089 1239 2126 ἀτ.
1283 2091 1330 2137 η’,
1363 2095 1452 2134 366,
1489 2094 1617 2139 Ody.ss
1651 2095 1695 2141 γ’,

883 2139 965 2173 409.
995 2157 1038 2162 -
1071 2136 1116 2171 (10
1139 2138 1265 2173 Danae
1299 2145 1335 2173 et
1369 2140 1494 2174 ceteris
1528 2141 1695 2185 heminis,

882 2195 968 2229 quas
992 2193 1252 2227 commemorat,
1278 2185 1477 2231 pariterque
1502 2185 1546 2220 de
1570 2188 1695 2223 Cerere

882 2236 918 2264 et
942 2231 1102 2272 Latona,
1137 2242 1211 2264 cum
1235 2232 1431 2266 notissimae
1454 2232 1523 2266 sint
1525 2258 1548 2288 ,
1582 2235 1694 2279 pluri-

880 2278 943 2310 bus
969 2276 1083 2310 dicere
1099 2278 1418 2332 supersedebimus.
1443 2298 1488 2304 —
1513 2276 1567 2324 ἄρ
1579 2282 1693 2316 ιδεί-

880 2335 1038 2358 κετον.
1078 2320 1120 2364 λ’,
1155 2323 1235 2358 248.
1269 2342 1316 2349 —
1350 2325 1394 2359 de
1427 2326 1573 2370 Europa
1607 2327 1693 2362 mire

881 2370 982 2405 Sch.=
1019 2368 1111 2405 ε’νιοι
1135 2368 1175 2404 δε
1192 2368 1313 2415 αὐτὴν
1331 2370 1377 2406 οὐ
1405 2373 1596 2415 Φοίνικος,
1616 2371 1691 2409 ἀλλ’

880 2413 1073 2473 Ἀγήνορος
1109 2413 1237 2451 εἶπονε
1282 2423 1319 2451 et
1343 2430 1421 2452 ann.
1447 2419 1491 2453 ad
1514 2418 1564 2464 μ’,
1589 2422 1691 2456 397.ε

881 2460 1070 2507 Ev'9wn77v
1104 2460 1173 2508 τὴν
1211 2463 1383 2505 Φοίνικος
1414 2470 1507 2499 etc.·
1495 2490 1507 2507 ‚
1542 2471 1691 2511 utroque

881 2509 956 2544 loco
988 2521 1108 2544 nomen
1139 2510 1323 2544 Phoenicis
1356 2511 1529 2556 proprium
1560 2512 1690 2546 intelli-

879 2567 985 2600 gens,
1013 2568 1089 2590 cum
1112 2555 1159 2589 sit
1181 2557 1446 2601 appellativum,
1471 2559 1691 2603 quemadmo-

880 2603 958 2636 dum
984 2603 1084 2647 Virg.
1111 2602 1196 2636 Aen.
1233 2604 1275 2645 2,
1305 2602 1380 2638 104.
1411 2604 1567 2648 Ulyssem
1601 2604 1690 2638 dixit

880 2649 1057 2691 Ithacum,
1090 2652 1126 2682 et
1144 2648 1252 2704 Soph.
1265 2673 1275 2691 ,
1310 2650 1345 2682 ni
1371 2650 1496 2692 fallor,
1524 2651 1689 2685 Tecmes-

877 2705 937 2729 sae
961 2702 1093 2749 patrem
1111 2692 1176 2730 τὸν
1198 2694 1358 2739 Φρύγιον
1379 2697 1483 2740 Ajace
1500 2696 1687 2737 207.,11111

877 2753 909 2774 v.
935 2754 1012 2776 ann.
1046 2742 1098 2775 sic
1121 2745 1236 2774 tamen
1261 2747 1296 2775 et
1320 2742 1398 2776 alii.
1433 2743 1527 2787 iique
1552 2742 1687 2776 doctio-

875 2798 943 2829 reS,
962 2791 1132 2823 errarunt.
1158 2786 1372 2829 Phoenicem,
1391 2788 1686 2832 Agenorisfilium‚

876 2838 1039 2868 memorat
1069 2833 1230 2878 Hyginus
1264 2835 1334 2869 sab
1373 2836 1451 2870 173.
1478 2854 1522 2859 -
1554 2837 1686 2879 τηλε-

876 2883 1102 2917 κλειτοῖο.
1131 2879 1200 2913 sic
1224 2885 1261 2914 et
1284 2879 1499 2925 τηλεκλυτὸς
1532 2886 1568 2915 et
1592 2881 1685 2915 simi-

875 2927 923 2961 lia
946 2928 1100 2962 scribunt
1125 2908 1330 2969 (ἷξυτόιως,
1369 2939 1435 2960 non
1472 2930 1552 2971 τηλε
1549 2927 1685 2969 ’κλυτος

876 2980 962 3016 010.·.,
990 2986 1057 3020 qua
1080 2974 1124 3008 de
1149 2984 1185 3006 re
1204 2974 1371 3050 801111.Ίρ
1389 2984 1466 3041 ἓιιιι.
1491 2975 1534 3008 ad
1555 2975 1682 3019 odyss.

1326 3036 1378 3061 μ)
