1847 3277
1 1528 5 1567 3

0 1569 4 1604 ἰ

657 131 1085 175 ΙΛΙΑΔΟΣ
1144 134 1189 173 Τ.

1665 133 1748 172 143

489 243 620 290 pariter
644 244 778 278 Hector
805 243 1004 277 exhortatur
1029 241 1214 284 Trcjanos.

319 312 401 363 Ὡς
415 311 537 383 φάτ’
568 310 844 365 ἐποτρύνων·
881 308 1076 364 Τρώεσσι
1108 308 1153 351 δὲ
1184 308 1392 377 φαίδιμος
1407 306 1577 365 ’Έκτωρ

138 373 221 415 365
251 367 424 412 κέκλεθ’
457 367 728 422 ὁμοκλήσας,
763 367 878 422 φάτο
910 366 950 409 6'
983 368 1127 418 ἴμεναι
1158 362 1257 406 ἄντ’
1287 362 1503 420 Ἀχιλῆος·

328 429 514 478 ,,Τρῶες
543 423 822 480 ὑπέρθυμοι,
850 422 925 495 μὴ
945 424 1100 466 δείδιτε
1132 421 1391 477 Πηλείωνα]

245 483 319 524 καί
347 498 424 525 κεν
453 481 565 535 ἐγων
594 481 763 524 ἐπέεσσι
790 482 864 523 καὶ
898 478 1164 522 ἀθανάτοισι
1194 479 1438 532 μαχοίμην·

246 539 359 592 ε’γχεῖ
387 536 430 582 δ’
465 537 705 592 ἀργαλέον,
735 537 854 592 ἐπειὴ
884 535 998 580 πολυ
1027 535 1232 603 φέρτεροί
1263 535 1386 577 εἰσιν.

248 594 348 638 οὐδ’
375 593 562 665 Ἀχιλεύς
590 597 798 638 πάντεσσι
827 593 948 644 τέλος
975 590 1139 663 μύθοις
1169 589 1390 646 ἐπιθήσει,

132 658 215 699 870
249 650 359 694 duo}
389 651 438 694 τὸ
470 651 550 705 μὲν
577 651 726 699 τελέει,
758 650 808 693 τό
839 650 885 693 δε
915 650 989 692 καὶ
1017 648 1210 704 μεσσηγὺ
1239 647 1456 691 κολούσει.

243 712 306 765 τῷ
337 707 378 751 δ’
410 707 495 764 ἐγώ
527 706 674 780 ἀντίος
703 706 810 763 εἶμι,
842 706 916 750 καὶ
945 707 982 749 εἰ
1010 706 1120 758 πυρὶ
1147 710 1291 761 χεῖρας
1322 704 1493 756 εὀικεν,

245 767 280 808 εἰ
309 765 431 819 πυρὶ
445 769 590 836 χεῖρας
621 765 758 816 ἔοικε,
787 764 919 819 μένος
948 761 991 805 δ’
1021 764 1183 804 αἴθωνι
1203 763 1437 833 σιδήρῳᾺ·

313 820 398 872 “Ὠς
428 819 536 877 φάτ’
569 820 844 875 ἐποτρύνων·
876 821 920 862 οἱ
950 818 995 862 δ’
1026 818 1170 862 ἀντίοι
1199 818 1310 875 ἔγχε’
1341 818 1522 871 ἄειραν,

247 881 419 933 Τρῶες·
449 882 539 921 τῶν
569 877 613 921 δ’
645 877 805 933 άμυδις
834 878 968 933 μίχθη
997 876 1149 932 μένος,
1181 877 1295 929 ὦρτο
1330 873 1374 918 δ’
1405 873 1533 931 άῦτή.

360 957 414 991 cui
438 957 641 1003 procedenti
662 957 786 1002 Apollo
819 967 967 1002 pugnam
993 966 1069 989 cum
1093 954 1224 989 Achille
1247 954 1438 991 interdicit.

127 1028 208 1071 375
239 1025 315 1068 καὶ
347 1023 436 1067 τότ’
471 1022 546 1079 ἄρ’
565 1023 756 1079 ’Ἕκτορα
785 1022 877 1067 εἶπε
907 1021 1133 1076 παραστὰς
1168 1025 1333 1078 Φοῖβος
1358 1020 1604 1066 Ἀπόλλων·

317 1113 342 1135 ,,
343 1081 526 1134 ‘'Em-09,
558 1082 710 1135 μηκέτι
738 1081 920 1135 πάμπαν
946 1078 1135 1135 Ἀχιλλῆιί
1160 1079 1418 1134 προμάχιζε,

239 1136 350 1180 ἄλλα
379 1138 490 1180 κατὰ
511 1137 697 1208 πληθύν
727 1153 771 1180 τε
801 1138 874 1180 καὶ
903 1136 950 1179 ἐκ
983 1138 1217 1204 φλοίσβοιο
1249 1137 1418 1187 δέδεξο,

239 1193 390 1264 μήπως
422 1193 463 1237 σ’
494 1191 548 1264 η’ὲ
574 1194 709 1266 βάλῃ,
740 1194 788 1249 ἠὲ
819 1193 973 1250 σχεδὸν
1004 1194 1104 1246 ἄορι
1134 1191 1296 1248 ‘cv'wnfl

307 1250 390 1301 Ὠς
421 1248 572 1320 ἔφαθ’·
590 1251 761 1322 Ἐκτωρ
795 1250 834 1294 6'
867 1252 989 1300 αὖτις
1019 1249 1204 1292 ἐδύσατο
1234 1247 1433 1304 οὐλαμὸν
1462 1248 1662 1305 ἀνδρῶν,

124 1311 209 1352 380
238 1308 483 1364 ταρβήσας,
516 1306 582 1351 ὅτ’
615 1307 777 1352 άκουσε
805 1311 915 1351 θεοῦ
946 1306 1034 1350 ὅπα
1065 1305 1364 1362 φωνήσαντος.

425 1388 530 1422 irruit
552 1388 700 1422 Achilles
725 1388 759 1422 in
784 1388 936 1429 hostem,
961 1391 996 1421 et
1020 1386 1136 1432 plures
1160 1387 1359 1421 obtruncat.

233 1454 282 1498 ἐν
312 1455 355 1499 6’
382 1454 572 1512 Ἀχιλεὺς
607 1455 801 1511 Τρώεσσι
828 1454 963 1509 θόρε,
993 1455 1150 1511 φρεσὶν
1181 1453 1350 1509 εἱμένος
1379 1452 1541 1510 άλκήν,

111 1557 192 1599 364,
216 1559 298 1594 365.
330 1557 620 1603 ἐποτρύνων.
647 1560 709 1595 171
735 1562 802 1593 etc.
831 1577 877 1582 —

65 1606 312 1660 φαίδιμος-
349 1607 401 1648 6¹
427 1609 496 1642 505
519 1612 585 1641 etc.
607 1625 653 1632 --
690 1600 878 1640 κέκλεθ’

65 1648 131 1693 ὁμ.
166 1649 217 1692 δ’,
242 1652 331 1705 508,
357 1651 404 1694 ε’,
430 1654 497 1688 439
526 1657 592 1686 ete.
622 1672 669 1678 —-
708 1652 876 1708 ἴμεναι

0 1720 1 1731 ,
63 1675 219 1751 ευρρίειῖ
228 1697 336 1731 vicem
358 1699 452 1733 vocis
481 1699 696 1744 dactylicae,
723 1706 763 1732 ut
790 1696 876 1741 ἄορι

0 1753 1 1767 ¹
63 1744 155 1796 378,

180 1755 209 1787 φ
230 1768 240 1785 ,
265 1746 343 1779 179.
373 1751 408 1778 et
434 1747 537 1786 208.,
572 1757 635 1778 nec
660 1724 874 1778 sc'ribendum

64 1789 232 1831 ἴμμεναι,
257 1790 348 1834 quod
366 1793 549 1825 barbarum
570 1796 690 1832 sonat,
721 1791 875 1835 quamvis

64 1834 231 1868 dicatur'
220 1834 371 1880 ε’μμεναι
388 1848 450 1881 pro
473 1836 605 1880 ἔμεναι.
641 1844 792 1870 ceterum
813 1848 874 1870 ve-

63 1893 162 1923 reor,
196 1893 240 1915 ne
271 1886 373 1927 poeta
404 1883 533 1917 dixerit
561 1882 690 1939 ἔφατο
707 1883 745 1917 δ’
780 1884 873 1926 ἰμεν,

63 1933 187 1972 estque
203 1928 353 1962 fortasse
374 1936 528 1963 ortum·
511 1943 579 1964 -αι
602 1941 643 1963 ex
665 1926 740 1963 ἅν-
767 1941 803 1974 sy
810 1929 873 1962 lla-

63 1974 127 2013 ba,
152 1985 241 2018 quae
257 1975 434 2019 sequitur3
461 1987 526 2020 quo
544 1976 635 2010 facto
655 1943 872 2009 scribendum

61 2019 129 2053 fuit
150 2019 246 2063 φάτο
264 2021 363 2054 metri
384 2023 509 2065 gratia.
545 2028 642 2055 ‹erte
672 2022 872 2066 proferendi

61 2077 130 2100 non
162 2073 241 2099 sunt
272 2067 357 2100 fines
384 2067 478 2101 illius
507 2067 687 2109 licentiae,
722 2079 764 2101 ne
794 2070 872 2110 ζευ·

59 2110 195 2156 γνύμεν
218 2110 274 2153 π’,
299 2114 377 2149 145.
405 2117 441 2146 et
463 2112 530 2147 alia
555 2113 722 2158 ejusmodi
749 2115 872 2149 menda

60 2164 196 2192 tuentes
215 2163 320 2192 totam
338 2171 411 2193 rem
429 2159 602 2194 metricam
622 2161 789 2198 tollamus,
810 2160 871 2194 sed

59 2205 80 2238 5
100 2204 254 2238 brevium
281 2205 520 2239 continuarum
543 2206 576 2240 in
596 2207 795 2240 hexametro
815 2207 871 2241 vel

59 2250 210 2284 secunda
238 2251 438 2285 vocabulum
472 2251 568 2297 prius
600 2253 697 2286 finiat
729 2265 871 2288 necesse

59 2302 134 2336 est,
170 2297 363 2341 posteriore
389 2306 588 2342 sequentem
616 2299 735 2344 pedem
759 2306 869 2333 totum

59 2342 237 2386 explente,
259 2344 355 2386 cujus
377 2345 531 2378 vocabuli
549 2345 659 2390 prima
679 2357 745 2379 non
763 2345 868 2379 solum

57 2388 126 2422 ictu
152 2387 315 2428 metrico,
341 2388 402 2423 sed
429 2389 529 2424 etiam
553 2398 694 2424 accentu
715 2391 871 2435 juvanda

57 2439 112 2468 eat
131 2433 247 2478 (φάτο
272 2434 312 2468 δ’
336 2436 493 2479 liu-svm)-
525 2437 578 2470 vel
601 2437 700 2470 finiat
719 2437 869 2482 priorem

57 2491 175 2514 vocem
210 2480 342 2525 syllaba
380 2481 506 2523 tertia,
546 2482 698 2537 quamvis
723 2489 867 2518 accentu

57 2536 198 2568 carens,
233 2527 293 2560 sed
325 2527 417 2562 elata
450 2528 521 2562 ictu
551 2529 692 2563 metrico
729 2534 764 2563 et
789 2541 868 2564 cae-

58 2582 139 2606 sura
167 2571 311 2617 (ἔφατο
343 2571 402 2616 δ’,
428 2574 556 2618 ι’μεν)ι
599 2575 656 2620 qui
689 2575 868 2620 probiores

57 2623 137 2651 sunt
152 2620 282 2654 numeri
297 2624 402 2674 atque
419 2620 630 2656 usitatiores.
655 2622 744 2655 hanc
759 2621 866 2666 legem

57 2673 280 2710 quaecunque
297 2666 457 2711 migrant,
477 2678 540 2723 pro
554 2668 729 2724 corruptis
740 2668 868 2702 haben-

57 2708 208 2745 danunt.
227 2730 271 2736 —
304 2713 405 2747 Scha
432 2713 557 2758 φάτο
583 2734 628 2739 -
650 2711 866 2770 Ἀχιλῆος.

57 2753 150 2797 ἔλεγε
161 2755 201 2791 δὲ
215 2754 386 2816 άντικριὶς
398 2758 591 2795 ἐλεύεσθαι
600 2761 667 2796 τοῦ
678 2757 866 2804 Ἀχιλλέως.

102 2801 223 2836 366-
236 2804 316 2841 369.
357 2803 646 2866 νπέρθνμοι.
695 2807 751 2850 β’,
783 2807 865 2851 746,

55 2844 106 2888 ἵ
133 2849 197 2882 111
225 2855 290 2886 etc.
316 2869 361 2877 —
399 2851 503 2889 οὐδ’
530 2873 574 2878 ——
599 2835 865 2899 tnafirj'faszg

55 2904 88 2927 v.
109 2890 163 2934 τ’,
188 2896 265 2931 107.

97 2940 176 2974 370.
208 2944 430 2997 μεσσηγύ.
456 2944 500 2987 ο’,
518 2947 606 2988 316,
629 2945 684 2988 θ’,
703 2948 772 2983 556
791 2952 859 2981 etc.

51 3005 94 3011 —
127 2987 268 3024 nolon
284 3000 364 3026 σει
395 2991 446 3027 ita
470 2993 631 3036 Townl„
658 2999 696 3028 ut
722 2991 859 3038 ἐπιθή-

925 1570 979 1593 σει
999 1562 1035 1592 et
1055 1557 1186 1597 τελέει,
1212 1557 1244 1590 h
1269 1569 1300 1593 e.
1326 1556 1472 1593 τελέσει.
1509 1569 1622 1602 neque
1645 1557 1740 1593 aliud

922 1605 958 1638 in
979 1605 1076 1638 libris
1100 1604 1171 1638 suis
1192 1603 1325 1638 invenit
1342 1605 1446 1646 Sch„
1481 1604 1538 1649 qui
1561 1604 1610 1638 sic
1628 1603 1739 1639 inter-

924 1657 1097 1696 pretetur:
1127 1649 1316 1693 ἀκέφαλον
1347 1651 1410 1685 καὶ
1441 1649 1550 1693 άτελῆ
1578 1651 1739 1695 ποιήσει,

922 1697 1108 1732 τουτέστιν
1127 1695 1369 1739 ἀποτεύξεται
1392 1696 1463 1740 πρὸ
1483 1699 1551 1731 τοῦ
1568 1698 1737 1742 ποιῆσαι.

922 1745 1049 1789 vulgo:
1076 1743 1245 1786 κολούει,
1271 1744 1429 1787 neglecta
1458 1745 1607 1777 fortasse
1631 1755 1651 1778 6
1679 1744 1738 1778 lit-

921 1795 999 1824 tera
1021 1795 1166 1835 propter
1188 1803 1204 1826 ε
1225 1789 1363 1823 similem
1383 1790 1529 1823 vicinam
1547 1789 1595 1835 (ζ
1615 1789 1639 1835 Ε
1657 1791 1688 1834 ).

967 1839 1033 1872 371
1050 1838 1184 1872 -375-
1214 1837 1342 1879 πυρὶ,
1368 1838 1456 1880 igni,
1482 1837 1533 1870 rei
1559 1837 1736 1881 pernitio-

919 1883 1084 1917 sissimae
1118 1895 1150 1918 v.
1176 1894 1252 1916 ann.
1275 1884 1317 1916 ad
1342 1881 1395 1925 κ’,
1418 1882 1498 1918 246.
1524 1881 1738 1927 ἐμφατικῶς

918 1934 954 1964 et
979 1941 1063 1963 voce
1087 1929 1300 1963 contentiore
1323 1929 1429 1963 iterat
1456 1930 1563 1963 verba
1587 1932 1622 1965 εἰ
1644 1930 1738 1974 πυρὶ

916 1979 1042 2020 χεῖρας
1067 1987 1204 2017 εοικεν,
1234 1987 1303 2020 quo
1337 1974 1446 2020 magis
1471 1987 1509 2010 se
1534 1977 1590 2010 vel
1613 1976 1737 2021 igneas

917 2023 1003 2056 istas
1028 2022 1171 2056 Achillis
1202 2033 1320 2055 manus
1354 2030 1575 2056 contemnere
1600 2023 1736 2067 signifi-

917 2075 984 2102 cet.
1024 2068 1248 2114 epanalepsin
1273 2067 1346 2102 sive
1370 2070 1651 2114 epanastrophen
1674 2081 1737 2104 vo-

916 2120 1016 2149 cant:
1050 2126 1080 2148 V.
1106 2113 1155 2156 ζ,
1181 2115 1270 2155 395,
1296 2113 1354 2157 μ’,
1378 2115 1435 2195 985.
1459 2114 1606 2150 ridicule
1630 2127 1736 2150 senex

916 2160 1095 2195 Plautinus
1120 2161 1224 2197 Most.
1257 2139 1299 2201 6,
1324 2162 1368 2202 2,
1394 2163 1448 2195 8.=
1487 2173 1532 2205 ap
1510 2173 1606 2207 page
1638 2163 1736 2196 illum

917 2219 940 2240 a
964 2219 1038 2241 me.-
1061 2219 1145 2240 nam
1166 2208 1224 2241 ille
1244 2186 1385 2251 qu'idem
1407 2208 1554 2242 lulcani
1577 2209 1664 2242 irati
1683 2214 1736 2245 est

912 2255 1025 2295 filius:
1055 2254 1203 2297 Quaqua
1226 2256 1357 2298 tangit,
1378 2265 1478 2288 omne
1501 2255 1664 2289 amburit.
1691 2273 1735 2282 —

916 2301 1097 2334 αἴθωνι
1105 2299 1312 2355 ’,σιδήρῳ
1339 2299 1392 2341 δ’,
1418 2301 1500 2344 485,
1529 2300 1659 2345 Odyss.
1683 2299 1732 2342 α’,

917 2346 995 2382 184.
1018 2366 1064 2370 -
1096 2343 1285 2390 αμυδις.
1321 2349 1388 2382 114
1411 2352 1479 2381 etc.
1495 2366 1543 2373 —-
1575 2346 1732 2405 μένος,

914 2394 1037 2435 robur,
1075 2394 1109 2426 h.
1132 2405 1163 2429 e.
1196 2400 1369 2427 certamen
1393 2405 1414 2427 a
1439 2404 1552 2428 causa.
1575 2413 1617 2418 —
1654 2392 1732 2428 ἄϋ-

913 2439 980 2484 τή.
1014 2436 1068 2480 α’,
1099 2440 1168 2474 492
1195 2444 1263 2474 etc.
1290 2459 1336 2464 —
1378 2437 1582 2484 Ἕκτορα
1622 2438 1730 2483 εἶπε,

915 2485 947 2519 h.
972 2498 1003 2519 e.
1029 2484 1192 2529 πρόςἫΕ
1225 2497 1258 2520 v·
1284 2485 1338 2529 ρ’,
1363 2487 1444 2522 237.

960 2533 1084 2568 376-
1095 2534 1174 2568 379.
1212 2531 1488 2577 προμάχιζε.
1513 2530 1566 2576 γ’,
1592 2532 1645 2568 16.
1682 2533 1728 2566 cf.

914 2575 966 2619 λ’,
990 2580 1059 2615 217
1085 2584 1152 2613 etc.
1182 2598 1229 2604 —
1271 2579 1389 2614 Schol.
1424 2580 1473 2612 B:
1512 2578 1561 2614 ἐκ
1597 2579 1728 2623 φλοί-

914 2626 997 2681 σβο
1011 2638 1052 2661 ιο
1074 2625 1254 2668 δέδεξο.
1280 2639 1376 2660 κατα
1393 2625 1545 2670 πληθυν
1560 2624 1629 2659 συν
1646 2629 1728 2667 τοῖς

913 2669 1040 2712 ἄλλοις
1059 2669 1178 2708 αὐτὸν
1196 2671 1358 2716 ἐκδέχου.
1380 2671 1426 2708 ἐκ
1452 2672 1564 2716 φλοί
1574 2673 1724 2715 σβοιο,

913 2729 954 2752 es:
978 2720 1128 2752 tumultu
1158 2729 1307 2763 pugnae.
1348 2717 1396 2762 ε’,
1420 2719 1510 2760 322,
1544 2720 1624 2753 469.
1657 2731 1725 2753 non

912 2775 1084 2805 seorsum,
1113 2765 1173 2799 sed
1199 2765 1300 2798 turba
1324 2770 1456 2810 septum
1481 2775 1542 2797 sua
1566 2775 1725 2820 pugnare

907 2811 1007 2854 jubet
1030 2811 1217 2845 Hectorem
1249 2822 1324 2844 cum
1358 2811 1501 2844 Achille.
1533 2829 1577 2835 —
1621 2809 1724 2847 ἐδύ-

911 2868 1035 2892 σατο.
1117 2857 1253 2898 ,3,28
1287 2855 1350 2900 φ’,
1383 2858 1471 2899 515,
1511 2856 1642 2901 Odyss.
1677 2856 1722 2900 6',

906 2903 995 2991 ἐξ
999 2910 1139 2985 οὲιζεο-
1182 2900 1400 2947 ουλαμὸν
1434 2901 1637 2948 ἀνδρῶν.
1676 2903 1722 2946 δ’,

951 2997 1073 3031 381-
1085 2996 1164 3032 385.
1197 2993 1242 3030 ἓν
1267 3014 1311 3019 -
1336 2993 1467 3040 θόρε.
1496 2995 1535 3037 ε’,
1564 2998 1639 3032 161.
1677 2998 1722 3030 cf.
