1862 3277
170 1295 279 1328 gnare
302 1296 378 1319 cum
403 1285 582 1329 Ajacibus.

26 1536 267 1588 '425—432„
256 1558 266 1566 ·
306 1547 362 1581 vel
398 1547 480 1581 inde
518 1548 767 1592 asportandum
808 1549 845 1583 in

28 1592 194 1637 patriam,
221 1599 262 1627 ut
284 1593 497 1639 Sarpedonis
520 1595 570 1635 π’,
597 1596 718 1629 671-
729 1596 809 1631 675.

78 1650 157 1686 661.
181 1649 378 1686 πολέσιν
400 1663 438 1694 μ.
465 1653 613 1696 Παφλ.
656 1653 760 1697 apud,
785 1654 843 1687 vel

26 1693 139 1739 inter,
165 1697 291 1730 multos
316 1697 582 1743 Paphlagones,
606 1699 640 1733 h.
666 1711 697 1733 e.
716 1699 754 1733 in
771 1700 843 1735 Pa-

27 1721 232 1787 phlag’onum
256 1744 397 1788 populo.
444 1745 489 1777 cf.
515 1745 561 1778 H.

73 1801 152 1835 663.
187 1802 483 1837 Πολυείδου.
519 1802 619 1836 libri=
646 1803 841 1839 Πολυΐδου

28 1847 64 1880 et
86 1856 165 1880 mox
187 1845 397 1890 Πολύιδος,
432 1859 498 1882 non
533 1848 607 1882 sine
633 1850 841 1885 detrimento

27 1891 139 1926 metri.
198 1904 234 1927 v.
265 1904 345 1928 ann.
378 1895 424 1928 ad
457 1892 497 1936 ε’,
523 1894 624 1937 148.,
663 1896 720 1930 ubi
754 1897 841 1930 scri-

26 1937 172 1972 bendum
198 1942 251 1973 est
271 1951 326 1986 ap.
348 1940 456 1986 Soph.
486 1941 665 1986 Πολυΐὸῳ
686 1943 737 1989 τῷ
750 1946 839 1978 Κοι-

25 1982 168 2028 ράνουε
202 1997 279 2020 nam
303 1986 457 2021 Coerani
478 1987 601 2032 Argivi
628 1989 690 2031 (de
715 2002 782 2034 quo
805 1991 840 2023 H

25 2029 128 2110 Οῑέεε.
154 2029 198 2066 ad
221 2032 380 2078 Apollod.
403 2045 439 2079 p.
462 2034 568 2078 220.)
596 2035 691 2070 filius
718 2035 787 2070 fuit
810 2036 841 2070 is

21 2086 67 2110 va
83 2086 132 2111 es.

68 2131 151 2170 664.
198 2132 409 2181 ἀφνειός
442 2136 481 2172 τ’
542 2133 737 2182 ἀγαθός
769 2149 839 2183 τε,

25 2177 188 2226 divesque
211 2183 411 2228 nobilisque.
461 2163 506 2218 cf’.
533 2183 579 2227 ρ’,
606 2185 684 2220 576.
719 2184 838 2242 eodem

23 2234 128 2261 sensu
155 2227 351 2285 intelligam
383 2231 493 2265 verba
516 2229 698 2275 ἀφνειὸς,
741 2229 838 2275 ἀμύ-

24 2282 104 2315 μων
137 2273 232 2317 ε’,9
236 2300 245 2309 .
286 2282 323 2310 et
360 2274 519 2319 ἀφνειὸς
553 2276 616 2312 καὶ
659 2278 837 2333 καρτερὸς

0 2282 154 2370 §odyss
178 2318 221 2363 ξ’,
247 2323 347 2364 116.,
371 2323 540 2377 siquidem
565 2324 728 2369 conjungi
746 2325 837 2360 solet

0 2372 125 2408 nopum
151 2369 422 2404 commemoratio
447 2382 520 2404 cum
553 2370 745 2405 nobilitatis
769 2383 834 2416 po·

23 2411 243 2466 tentiaeque,
267 2415 364 2450 velut
387 2414 426 2458 ε’,
451 2415 554 2452 543.ε
590 2417 666 2452 τῶν
691 2431 739 2462 ρα
757 2431 835 2452 πα-

21 2467 91 2512 τηρ
123 2456 193 2513 μξν
227 2438 350 2496 ἔναιεν
388 2461 593 2521 ἐϋκτιμένῃ
624 2462 679 2498 ἐνὶ
698 2466 833 2522 Φηρῇ,

21 2497 194 2561 ’Δφνειὸς
219 2506 382 2562 βιότοιο·
416 2508 522 2566 γένος
553 2507 593 2544 δ’
600 2507 686 2569 ἤν,
691 2508 730 2546 ἐκ
754 2514 834 2547 Πο-

20 2553 153 2594 ταμοῖο
182 2547 371 2612 Ἀλφειοῦ,
405 2575 451 2580 -
474 2552 544 2596 ““Ος
567 2554 686 2592 τέκετ’
711 2555 833 2602 Ὀρσί-

19 2597 128 2641 λοχον
139 2597 301 2636 πολέεσσ’
319 2599 552 2644 ἄνδρεσσιν”
526 2616 682 2639 ανακτα.
710 2604 831 2639 Voss-2

0 2642 114 2699 1νοίοή
137 2656 184 2678 an
207 2646 287 2680 hab’
312 2649 385 2682 und
410 2650 496 2683 edel.

0 2708 4 2751 Ι
66 2701 147 2737 666.
180 2699 381 2748 ἀγαθός.
416 2706 501 2740 nihil
525 2711 637 2745 muto,
673 2707 830 2752 quamvis

0 2756 89 2785 ιιιοιι
110 2746 273 2784 videatur
297 2762 382 2795 opus
407 2764 504 2793 esse,
549 2763 622 2786 cum
658 2753 750 2786 filius
774 2752 829 2786 di-

0 2794 97 2845 ,ctus
119 2792 164 2827 sit
185 2797 329 2839 nobilis,
363 2796 532 2842 ἀγαθὸς,
569 2799 670 2832 etiam
695 2805 827 2843 patrem

0 2836 72 2886 'sic
94 2840 277 2892 appellari,
301 2842 368 2878 uisi
392 2846 482 2880 forte
506 2845 624 2880 eadem
643 2846 827 2888 sententia,

0 2883 185 2934 sconcinuo
223 2899 352 2932 genere
384 2891 542 2932 dicendi,
582 2891 677 2949 quod
710 2897 826 2927 amant

19 2928 171 2966 Graeclz
222 2935 342 2981 πατὴρ
378 2935 532 2982 ἀγαθοῦ
567 2936 714 2983 άγαθός
745 2941 825 2974 Πο-

16 2974 174 3017 λύειδος.
218 2991 334 3017 verum
357 2983 414 3019 hic
436 2997 504 3019 non
531 2988 585 3019 est
605 2985 667 3019 ita.
715 2996 824 3041 quare

15 3021 83 3056 fuit
117 3034 191 3059 cum
224 3029 412 3072 ponendum
444 3031 676 3068 existimarem
706 3030 823 3077 γέρων

598 162 1034 205 ΙΑΙΑΔΟΣ
1095 164 1153 207 Ν,
1627 170 1712 210 195

210 272 485 345 [ἀχνύμενον
498 270 636 341 μετά
665 271 713 315 δέ
742 282 824 343 σφι
851 271 997 328 πατήρ
1027 273 1118 323 κίε,
1155 271 1330 327 δάκρυα
1358 277 1540 332 λείβων·

210 329 343 387 ποινή
373 328 417 373 δ’
450 326 572 380 οὔτις
599 329 758 380 παιδὸς
788 328 983 385 ἐγίγνετο
1014 333 1298 387 τεθνηῶτος]

486 408 724 443 Euchenorem
758 408 861 443 Paris
896 407 1078 445 interficit.

98 483 180 524 660
273 479 366 521 Τοῦ
396 475 443 520 δὲ
473 475 619 532 Πάρις
647 474 783 546 μάλα
791 475 942 532 θυμὸν
973 472 1296 546 ἀποκταμένοιο
1325 476 1528 535 χολώθη·

210 534 351 586 ξεῖνος
379 532 466 589 γάρ
499 535 543 577 οἱ
573 533 649 590 ἔην
676 530 856 577 πολέσιν
885 532 993 603 μετὰ
1025 531 1421 605 Παφλαγόνεσσιν·

207 593 289 634 τοῦ
317 590 390 646 ὅγε
418 590 642 660 χωόμενος
669 591 815 646 προΐει
843 589 1050 647 χαλκήρε’
1083 588 1249 635 ὀϊστόν.

207 643 265 702 ἦν
295 648 341 690 δέ
371 663 437 699 τις
449 646 710 718 Εὐχήνωρ,
759 649 1010 691 Πολυείδου
1041 646 1224 702 μάντιος
1251 643 1372 696 υἴὸς,

208 704 391 758 ἀφνειός
402 701 477 763 τ’,
527 703 706 774 ἀγαθός
725 719 795 756 τε,
835 703 1090 758 Κορινθόθι
1120 704 1239 747 οἰκία
1267 703 1431 756 ναίων,

94 761 175 807 665
211 759 260 812 ὅς
292 759 340 815 ῥ’
370 763 416 804 εὐ
448 761 574 812 εἰδώς
603 758 706 817 κῆρ’
739 757 878 816 ὀλοήν
907 761 979 804 ἐπὶ
1007 760 1114 815 νηός
1144 761 1309 813 ἔβαινε·

206 817 393 861 πολλάκι
403 816 506 889 γάρ
537 819 583 862 οἷ
610 818 723 862 ἔειπε
749 817 893 873 γέρων
922 816 1095 891 άγαθός
1124 814 1390 868 Πολύειδος,

205 873 356 946 νούσῳ
385 872 465 918 υπ’
498 873 688 931 ἀργαλέῃ
719 876 916 944 φθίσθαι
946 871 1012 924 οἷς
1042 873 1089 917 ἐν
1116 872 1402 930 μεγάροισιν,

204 930 234 986 ἢ
263 931 356 1003 μετ’
380 930 564 1004 Ἀχαιῶν
581 932 752 998 νηυσὶν
781 929 870 975 ὑπὸ
906 930 1101 986 Τρώεσσι
1131 932 1339 1003 δαμῆναι.

205 992 268 1044 τῷ
300 986 345 1042 ῥ’
373 987 466 1041 ἅμα
494 987 536 1031 τ’
567 987 788 1044 ἀργαλέην
815 988 943 1059 θῳὴν
974 987 1167 1031 ἀλέεινεν
1192 987 1390 1043 Ἀχαιῶν,

91 1049 175 1090 670
204 1032 377 1088 νοῦσόν
407 1061 453 1088 τε
458 1045 722 1115 στυγερήν,
759 1047 832 1088 ἵνα
861 1045 920 1116 μὴ
950 1044 1092 1088 πάθοι
1122 1043 1256 1114 ἄλγεα
1285 1045 1431 1100 θυμῷ.

201 1103 282 1144 τὸν
311 1099 411 1173 βάλ’
441 1099 529 1146 υπὸ
560 1106 783 1172 γναθμοῖο
814 1102 888 1145 καὶ
918 1101 1105 1153 οὔατος·
1145 1118 1241 1144 ωκα
1271 1101 1319 1144 δὲ
1348 1098 1496 1171 θυμός

202 1156 330 1216 ᾤχετ’
359 1158 447 1202 άπὸ
477 1158 666 1214 μελέων,
700 1160 909 1215 στυγερὸς
939 1158 981 1203 δ’
1011 1158 1099 1214 ἄρα
1128 1175 1205 1215 μιν
1236 1157 1393 1208 σκότος
1427 1153 1552 1200 εἷλεν.

249 1237 384 1273 interea
408 1238 562 1280 Hector,
595 1251 664 1285 quo
687 1239 762 1274 loco
786 1239 931 1285 primum
955 1238 990 1274 in
1022 1244 1142 1273 castra
1165 1248 1293 1283 graeca
1316 1236 1467 1283 irrupit,
1501 1235 1620 1282 pergit
1644 1248 1707 1283 pu-

245 1350 330 1404 Ὣς
360 1353 404 1396 οἱ
422 1352 518 1424 ,μὲν
537 1351 766 1408 μάρναντο
798 1354 931 1410 δέμας
959 1351 1103 1406 πυρὸς
1135 1350 1424 1407 ανθομένοιο·

185 1407 358 1465 ’Ἕκτωρ
388 1409 433 1454 δ’
464 1407 549 1453 οὐκ
578 1410 794 1456 ἐπέπυστο
826 1413 1042 1467 δι’ίφιλος,
1077 1407 1182 1454 οὐδὲ
1211 1427 1253 1453 τι
1281 1409 1390 1466 ἤδη,

891 1542 1052 1592 οἷγανός,
1076 1557 1179 1581 senex
1203 1546 1315 1586 mitis,
1350 1556 1444 1579 more
1469 1544 1543 1588 ejus
1567 1543 1707 1578 aetatis.

890 1597 1049 1639 soletque
1082 1593 1241 1627 suavitas
1271 1603 1400 1626 morum
1424 1592 1607 1635 conjuncta
1631 1602 1709 1624 esse

890 1653 964 1674 cum
990 1639 1172 1693 prudentia
1198 1645 1235 1673 et
1258 1639 1445 1684 probitate.
1506 1637 1638 1694 Odyss.
1663 1634 1707 1678 λ’,

889 1688 991 1721 202:
1026 1698 1073 1721 σα
1097 1699 1136 1721 τε
1158 1684 1301 1738 μήδεα,
1326 1682 1484 1730 φαίδιμ’
1516 1681 1706 1727 Ὀδυσσεῦ,

888 1732 948 1786 Σή
974 1730 1013 1767 τ’
1034 1729 1356 1789 αγανοφροσύνη.,
1382 1731 1513 1774 Od3'ss
1536 1729 1583 1776 β’,
1607 1731 1708 1765 230³

887 1779 998 1824 μήτις
1031 1778 1085 1814 ετι
1115 1779 1298 1823 πρόφρων
1332 1775 1474 1822 α’γανὰς
1501 1777 1564 1812 καὶ
1596 1774 1709 1822 ἤπιος

890 1826 983 1862 ἔστω
1011 1827 1256 1870 Σκηπτοῦχος
1279 1823 1474 1880 βασιλευς,
1499 1821 1595 1868 μηδὲ
1618 1823 1708 1881 φρέ-

888 1884 948 1908 σιν
974 1873 1106 1915 αἰσιμα
1132 1871 1261 1912 εἰδως,
1286 1866 1379 1907 Ἀλλ’
1404 1872 1478 1907 αἰεὶ
1501 1869 1659 1914 χαλεπός
1676 1867 1706 1905 τ’

889 1920 946 1963 εἴη
967 1919 1031 1954 καὶ
1049 1919 1186 1954 αἴσυλα
1210 1918 1322 1963 ῥέζοι.
1356 1918 1403 1951 cf.
1428 1917 1471 1952 11.
1490 1916 1540 1959 ν’,
1557 1915 1706 1952 467etc„

888 1960 1708 2018 Sch01.Arist0ph.Vesp.1417.·dyavqa.

887 2012 1022 2057 ἱλαρῷ,
1049 2011 1147 2058 καλῷ
1167 2012 1338 2057 καγαθῷ.

933 2061 1014 2094 669.
1040 2047 1133 2092 dedi
1137 2057 1246 2104 θ’ῳήν
1265 2069 1329 2102 pro
1347 2054 1482 2102 θωὴν,
1504 2055 1588 2101 quia
1603 2056 1706 2103 θωϊή

885 2104 1018 2150 legitur
1049 2116 1105 2150 ap.
1140 2103 1402 2138 Archilochum:
1445 2114 1481 2136 v.
1513 2103 1635 2148 Etym.
1670 2115 1706 2149 p.

886 2152 952 2192 26,
979 2151 1057 2191 24.,
1102 2150 1222 2184 Elmsl.
1257 2161 1336 2183 anu.
1371 2148 1416 2182 ad
1452 2149 1574 2194 Eurip.
1608 2149 1708 2187 Med.

885 2175 988 2232 1Ξ67.
1023 2197 1126 2233 Sch.:
1162 2195 1308 2240 θωήν.
1342 2194 1412 2240 τήν
1435 2196 1582 2239 ζημίαν
1608 2195 1703 2240 λέγει

883 2241 924 2278 δὲ
949 2242 992 2279 τὸ
1017 2245 1084 2288 τῆς
1107 2244 1298 2285 στρατείας
1330 2240 1538 2286 ἐπιζήμιον·
1583 2241 1706 2277 simili-

881 2295 938 2324 ter
941 2293 1017 2345 Ap.
1042 2289 1231 2324 etSuidas.
1258 2289 1432 2333 Hesycha
1457 2286 1556 2345 θωή.
1579 2290 1705 2334 ζημία,

880 2334 1014 2382 βλάβη.
1072 2332 1167 2372 ὅθεν
1204 2332 1224 2371 ὃ
1260 2334 1417 2381 ἀζήμιος
1461 2333 1606 2376 αθῶος.
1667 2341 1705 2371 at

880 2383 998 2417 Schol.
1035 2384 1087 2417 A:
1134 2380 1285 2427 θωήν.
1339 2382 1410 2417 νῦν
1444 2380 1514 2425 τήν
1548 2382 1703 2427 μέμψιν.

880 2440 966 2474 quas
994 2433 1107 2464 tamen
1131 2429 1260 2464 similes
1291 2439 1368 2462 esse
1405 2428 1565 2463 notiones
1597 2429 1703 2464 intel-

878 2475 965 2510 lexit
989 2475 1151 2510 Nitzsch.
1184 2486 1264 2509 ann.
1298 2476 1342 2508 ad
1369 2473 1451 2518 Ody
1454 2486 1500 2508 ss.
1534 2475 1582 2521 β’,
1607 2477 1702 2520 192„

879 2525 916 2555 et
938 2521 1067 2556 habent
1079 2520 1197 2556 Latini
1220 2519 1299 2555 huic
1316 2519 1425 2555 simile
1438 2522 1563 2556 vocab.
1587 2523 1702 2556 anim-

1174 2567 1294 2613 itaque
1340 2578 1440 2612 quam
1484 2567 1542 2602 hic
1584 2566 1701 2612 α’ργοις

1184 2615 1328 2648 eandem
1370 2613 1533 2658 χαλεπήν
1572 2615 1698 2659 δήμου

878 2568 1104 2602 adversionis.

876 2613 939 2658 λέη
941 2627 963 2648 ν
995 2612 1081 2660 θῳή
1086 2627 1127 2657 ν,

878 2662 1000 2705 φῆμιν
1025 2628 1127 2695 dixit
1135 2659 1263 2715 Od3.ss
1281 2660 1321 2702 ξ’,
1347 2661 1429 2696 239.
1478 2661 1525 2698 cf.
1551 2660 1636 2695 ibid.
1656 2660 1697 2704 ζ,

877 2709 968 2751 273,
993 2721 1044 2749 π,
1068 2709 1135 2745 75
1170 2706 1222 2749 ω’,
1255 2708 1344 2748 200,
1380 2709 1470 2750 201,
1505 2718 1596 2753 quae
1617 2708 1697 2743 loca

876 2733 1135 2800 suppedit’avit·
1127 2753 1286 2787 Nitzsch.
1314 2770 1359 2776 —
1385 2753 1462 2788 ἵνα
1480 2773 1523 2778 -
1540 2754 1695 2798 θυμῷ,

874 2812 918 2834 ne
943 2801 998 2835 vel
1023 2799 1321 2835 animadversione
1345 2798 1492 2841 civium,
1526 2800 1581 2834 vel
1603 2812 1694 2835 mor-

872 2847 916 2882 bo
969 2847 1070 2892 gravi
1115 2846 1346 2881 afflictaretur
1386 2846 1511 2880 animo.
1569 2847 1691 2882 Voss..

872 2893 997 2927 darum
1040 2894 1133 2928 mied
1180 2903 1218 2926 er
1265 2892 1392 2926 sowohl
1442 2893 1505 2926 der
1546 2892 1691 2928 Danaer

870 2941 1102 2974 schmahliche
1135 2940 1276 2982 suase,
1312 2940 1374 2972 Als
1408 2939 1472 2972 der
1501 2939 1690 2976 krankheit

918 2999 1002 3030 aun,
1023 2988 1105 3021 dass
1122 2986 1217 3020 nicht
1233 2985 1294 3018 ihu
1314 2986 1432 3029 qudlte
1450 2986 1507 3019 die
1524 2986 1687 3021 nacla-eu.

915 3033 1133 3072 673-684.
1167 3032 1318 3076 δέμας
1350 3033 1520 3101 uzal&
1540 3031 1586 3076 λ’,
1605 3034 1687 3070 595.
