1847 3277
153 149 210 187 76

780 151 1177 193 ΟΜΗΡΟΥ

327 258 474 307 Τρῶες
503 256 572 299 ἐπὶ
599 256 852 326 πρύμνῃσιν
881 257 1062 311 ἐείλεον,
1093 258 1197 304 ουδὲ
1225 260 1386 314 θύραζε

321 313 424 354 εὕων
453 313 620 363 ἐξιέναι.

317 365 540 422 Ἀργείων,

205 426 288 469 450

670 314 748 356 τὸν
779 317 823 356 65
852 316 1056 358 λίσσοντο
1087 316 1285 370 γέροντες

570 370 642 412 καὶ
670 370 808 412 πολλοὶ
838 371 1068 442 περικλυτὰ
1097 371 1205 426 δῶρ’
1237 372 1465 426 ὀιόμαζον.

319 423 416 466 ἔνθ’
450 425 579 475 αὐτὸς
609 426 685 478 μὲν
716 424 850 468 ἔπειτ’
878 427 1079 481 ἠναίνετο
1110 428 1260 481 λοιγὸν
1289 427 1480 483 ἀμῦναι·

319 478 454 549 αιῧτάρ
486 481 509 525 ὁ
541 481 801 535 Πάτροκλον
816 483 927 549 περὶ
955 483 1034 537 μὲν
1063 483 1115 526 τοὶ
1148 482 1175 526 ἃ
1203 501 1352 539 τευχεα
1386 484 1504 535 5665,

317 537 453 590 πέμπε
486 537 530 580 δέ
561 553 634 591 μιν
662 536 922 592 πόλεμόνδε,
954 538 1096 582 πολυν
1126 539 1169 583 δ’
1199 540 1288 595 ἅμα
1316 541 1425 583 λαὸν
1455 540 1629 583 ὄπασσε

320 597 410 634 πᾶν
441 592 480 635 δ’
517 594 633 647 ἦμαρ
653 593 885 662 μάρναντο
915 596 1013 648 περὶ
1044 600 1233 652 Σκαιῇσι
1261 595 1443 666 πύλῃσι·

318 651 392 691 καί
421 647 477 690 νύ
507 665 580 691 κεν
590 647 810 718 αὐτημαρ
837 650 965 693 πόλιν
997 651 1214 705 ἔπραθον,
1245 655 1281 695 εἰ
1309 656 1366 708 μή
1395 651 1613 695 Ἀπόλλων

205 707 288 750 455

319 703 457 746 πολλοὶ
491 703 602 747 κακοὶ
636 704 814 758 ῥέξαντα
846 711 943 748 Μει
936 709 1087 750 οιτίου
1117 709 1301 762 ἄλκιμον
1330 708 1428 751 υἱὸν

317 758 453 802 ἔκταν’
482 760 547 803 ἐνὶ
578 761 864 817 προμαχοισι,
896 764 969 805 καὶ
986 765 1164 816 ΓἘκτορι
1190 768 1337 837 κῦδος,
1357 765 1500 807 ἔδωκε.

317 816 505 858 τοῦνεκα
533 820 617 858 νῦν
645 818 697 859 τοὶ
729 832 784 861 σα
812 818 1000 871 γούναθ’
1032 821 1265 875 ἱκάνομαι,
1299 822 1346 862 αἴ
1372 819 1408 862 κ’
1441 819 1658 876 ἐθέλῃσθα

316 870 380 914 υἷ’
413 872 502 928 ἐμῷ
534 873 747 928 ω’κυμόρω
780 875 912 928 δόμεν
941 875 1131 927 ἀσπίδα,
1161 878 1234 919 καὶ
1263 876 1554 930 τρυφάλειαν,

317 945 389 970 και
418 913 552 979 καλὰς
581 933 814 982 κνημῖδας
814 931 1121 1002 ἐπισφυρίοις
1152 932 1406 1002 αραρυίας,

204 987 286 1029 460
317 985 389 1026 καὶ
418 986 598 1040 θώρηχ’·

633 985 658 1028 6
686 987 771 1055 ’γὰρ
802 986 856 1042 ἦν
888 991 950 1036 οἱ,
986 987 1179 1031 ἀπώλεσε
1209 991 1358 1040 πιστὸς
1387 988 1578 1041 ἑταῖρος,

320 1043 460 1094 Τρωσὶ
493 1044 662 1097 δαιιείς
696 1042 719 1086 ὁ
757 1044 802 1086 65
832 1051 969 1087 κεῖται
998 1045 1067 1087 ἐπὶ
1096 1047 1223 1101 χθονὶ
1252 1045 1401 1101 θυμὸν
1432 1045 1650 1100 ἅχεύωνβ

304 1121 393 1166 quod
419 1120 449 1154 ei
474 1121 621 1155 officium
647 1122 748 1155 facile
772 1124 943 1168 promittit
967 1124 1159 1158 Vulcanus.
1184 1126 1367 1169 statimque
1391 1136 1428 1157 se
1453 1125 1496 1157 ad
1522 1134 1608 1168 opus
1632 1122 1798 1166 adcingit.

399 1187 489 1256 Tm}
521 1187 563 1230 6'
597 1186 779 1244 ημείβετ’
811 1189 954 1233 ἔπειτα
983 1193 1240 1245 περικλυτός
1266 1191 1396 1248 ἰΑμφ
1399 1191 1484 1246 γυή
1488 1205 1567 1241 εις·

316 1244 528 1296 Ὴθαρσει,
561 1262 618 1299 μη
655 1263 722 1288 τοι
753 1251 888 1289 ταῦτα
917 1248 1021 1302 μετὰ
1052 1250 1180 1305 φρεσὶ
1209 1261 1309 1304 σῃσι
1341 1249 1571 1302 μελόντων.

315 1319 361 1343 αι
390 1299 474 1354 γάρ
507 1318 582 1353 μιν
611 1301 826 1346 θανάτοιο
860 1305 1068 1359 δυσηχέος
1099 1307 1183 1348 ώδε
1214 1307 1430 1378 δυναίμην

199 1359 281 1401 465
312 1357 474 1412 νόσφιν
505 1357 781 1412 ἀποκρύψαι,
815 1357 885 1402 ὅτε
915 1377 992 1414 μιν
1021 1360 1161 1416 μόρος
1193 1363 1315 1412 αινός
1346 1360 1514 1414 ἱκανοι,

142 1482 261 1515 μενος
310 1468 499 1514 ἔφθιεν.
534 1468 609 1511 (α’,
629 1472 718 1514 251,
753 1482 859 1516 supra
884 1475 951 1507 100

143 1518 230 1560 etc.)
256 1515 337 1550 ἄντι
361 1517 430 1550 τοῦ
455 1496 841 1561 t5tnn5v.55t''1.7.5o⁴1
865 1529 950 1553 συν-

143 1563 283 1600 είλουν
315 1574 372 1596 συ.
376 1562 533 1596 {niseum
565 1583 611 1587 —
656 1589 678 1604 ,,
669 1562 950 1607 ,ὀνόμαζον,

139 1610 397 1653 promittebant.
424 1607 460 1651 ι’,
482 1611 558 1643 12¹.
592 1610 636 1642 cf.
655 1609 737 1642 ibid.
757 1612 833 1646 263.
848 1615 871 1630 ⁴
898 1613 949 1645 Ex

143 1656 190 1687 H.
212 1674 255 1678 —
301 1653 416 1689 ἕσσε.
451 1654 496 1695 ε’,
521 1656 606 1693 905,
632 1653 692 1695 π’,
717 1658 784 1691 680
813 1665 877 1690 etc.
904 1677 947 1682 --

145 1698 362 1736 ὄπασσεν.
388 1700 443 1744 η’,
466 1702 556 1741 205,
581 1699 637 1742 π’,
662 1703 705 1736 38
731 1710 794 1735 etc.
820 1722 858 1726 —
893 1701 945 1737 τὰ

143 1746 197 1781 σοὶ
221 1744 427 1791 γούναθ’
453 1745 700 1788 ἱκάνομαι.
726 1748 761 1781 id
783 1760 847 1782 uno
869 1761 947 1782 ver-

142 1794 186 1827 bo
220 1793 307 1826 dixit.
337 1792 561 1836 γουνάζομαι
594 1791 644 1834 o',
670 1795 748 1828 665.
783 1800 817 1827 et
851 1795 947 1831 alias.

143 1840 187 1872 cf.
212 1838 337 1872 ibidem
363 1842 440 1874 660
471 1846 504 1871 et
533 1850 608 1872 ann.
643 1840 684 1872 ad
718 1838 773 1881 α’,
797 1842 876 1875 500.

187 1884 267 1919 458.
298 1884 355 1919 υἶ.
385 1886 416 1920 h.
439 1898 470 1919 e.
496 1883 562 1924 υἷι,
586 1897 606 1918 a
629 1890 724 1919 recto
745 1885 824 1926 υἴς,
849 1888 947 1931 cujus

141 1931 271 1965 formae
305 1943 416 1965 accus.
454 1930 518 1965 υἷα
556 1932 683 1974 legitur
713 1930 762 1976 ν,
799 1934 874 1968 185-
912 1938 949 1966 et

141 1977 289 2021 saepius
328 1978 378 2010 sic
405 1977 494 2010 Flor.
505 2001 516 2017 ‚
541 1977 664 2016 Aldd.‚
691 1979 809 2018 Rom„
836 1979 889 2013 St.
913 1984 949 2012 et

140 2023 352 2068 posteriores
376 2023 454 2056 edd.
480 2034 588 2078 usq-ue
620 2023 662 2056 ad
688 2024 863 2067 Barmsii,
890 2025 947 2069 qui

140 2069 293 2102 mendam
318 2069 485 2102 exoletam
511 2069 587 2103 υἱεῖ
609 2067 683 2113 ἐμῷ
707 2072 850 2104 recoxit.
886 2083 948 2115 pe-

136 2115 194 2158 jus
231 2116 332 2148 etiam
359 2115 443 2147 Ven.
471 2115 597 2158 aliique
623 2103 750 2149 MSS*
789 2116 865 2150 υἱεῖ
894 2115 944 2159 ἔμ’

141 2159 340 2202 ὠκυμόρῳ,
377 2161 516 2194 elisione
540 2161 703 2194 inaudita.
746 2174 778 2198 v.
805 2163 861 2200 H,
890 2162 948 2207 qui

139 2207 226 2239 bene
252 2207 353 2247 iecit,
387 2218 461 2240 cum
485 2208 686 2251 5οιῐρωιειιιι
710 2216 795 2242 vett.
820 2187 947 2241 editio-

139 2264 216 2285 num
241 2233 358 2286 restitui
363 2252 403 2284 it.

186 2294 699 2353 459-461.ἐπισφ.αρ.
745 2310 851 2348 ν)
877 2301 944 2336 331

139 2348 175 2377 et
199 2355 275 2377 ann.
303 2344 345 2376 ad
379 2340 431 2382 α’,
459 2345 511 2378 17.
539 2363 585 2368 -
629 2340 651 2379 6
667 2358 772 2399 γαρ
809 2349 861 2388 ἠν
894 2357 944 2378 οι.

139 2395 233 2422 recte
261 2389 308 2422 E·
335 2390 541 2425 τουτε’.στιν
570 2387 610 2429 ὃς
632 2388 699 2434 γοὶρ
723 2390 854 2434 θώραξ
879 2388 945 2425 αύ-

138 2435 193 2479 τῷ
216 2431 272 2490 ἦν.
306 2447 481 2490 perperam
508 2436 564 2469 alii
591 2436 860 2480 in'elligebant
849 2441 944 2472 εταῖ-

139 2494 213 2524 ρος
250 2477 270 2517 ὃ
296 2493 358 2525 pro
384 2477 447 2525 ὃς,
474 2487 512 2514 ut
536 2496 576 2525 γ,
602 2484 668 2517 351
691 2493 756 2516 etc.
777 2504 821 2508 —
845 2484 943 2516 Sch.:

145 2529 297 2570 Τρωσὶ
334 2528 514 2570 δαμείς.
555 2526 637 2563 ἀντὶ
670 2530 736 2563 τοῦ
768 2527 842 2563 ’ὑπὸ
870 2530 945 2564 τῶν

145 2573 284 2617 Τρώων
307 2586 388 2607 avar
398 2575 529 2616 ρεθείς.
565 2575 608 2606 cf.
636 2575 711 2609 103.
746 2576 944 2617 „mirantur

138 2625 295 2660 veteres,
319 2631 427 2663 neque
447 2620 513 2659 bic,
537 2631 647 2663 neque
668 2622 745 2654 609.
780 2621 869 2654 inter
888 2633 944 2654 ar-

139 2678 192 2700 ma
210 2666 280 2700 ista
293 2666 496 2699 fabricanda
514 2667 688 2698 memorari
704 2666 865 2722 gladium.
886 2679 942 2700 ie-

139 2713 287 2765 ¹spondet
312 2715 337 2746 A
363 2723 439 2745 ann.
467 2712 507 2744 ad
533 2712 630 2745 4783
657 2708 713 2745 ὅτι
739 2710 757 2754 ἡ
782 2714 945 2757 μάχαιρα

138 2758 247 2792 παντὶ
269 2755 424 2800 ἁρμόζει.
431 2760 453 2776 “
480 2757 530 2789 Ex
555 2757 598 2789 II.
628 2757 814 2792 abstulerat
832 2768 942 2793 tanuen

138 2805 318 2838 Patroclus
344 2804 444 2838 etiam
467 2802 617 2846 gladium
643 2803 783 2838 Achillis
814 2807 866 2849 (v.
895 2804 944 2846 π’,

140 2851 257 2896 135),
288 2862 351 2884 nec
377 2848 408 2884 τ’
419 2874 428 2890 ,
452 2850 531 2884 372.
555 2848 643 2882 ensis
667 2851 790 2882 mentio
816 2851 945 2884 ‹mitti-

137 2899 203 2928 tur.
250 2907 358 2939 quare
388 2905 512 2928 vereor
535 2906 576 2927 ne
603 2894 794 2937 hujusmodi
824 2909 943 2930 versus

137 2942 240 2983 τεῦξε
264 2941 303 2976 δέ
330 2941 364 2975 οὶ
393 2942 501 2984 ξίφος
523 2952 711 2983 αμφηκες,
734 2942 845 2986 μέγα,
874 2942 941 2986 029-

137 2986 333 3032 γυρόηλον,
359 2988 446 3021 forte
467 2986 633 3021 exciderit
652 2993 729 3031 post
749 2991 828 3024 610.
861 3001 942 3035 pro-

997 1476 1074 1517 pter
1095 1473 1216 1508 similia
1236 1474 1284 1508 ibi
1307 1485 1460 1508 versuum
1481 1472 1588 1506 initia
1613 1483 1688 1505 nam
1711 1471 1801 1515 quod

996 1522 1030 1552 h.
1062 1520 1084 1553 l.
1117 1520 1242 1554 Thetis
1273 1532 1338 1554 non
1368 1531 1480 1554 ensem
1511 1530 1644 1563 quoque
1674 1518 1800 1550 Vulca-

994 1577 1070 1598 num
1092 1572 1213 1609 rogat,
1249 1570 1363 1611 potest
1390 1564 1546 1599 excusari
1572 1563 1686 1597 matris
1715 1564 1801 1596 obli-

995 1611 1050 1644 vio
1085 1623 1124 1644 ex
1134 1592 1293 1652 ”dolore3
1330 1623 1446 1645 verum
1477 1610 1623 1650 artifici,
1657 1615 1692 1643 et
1723 1609 1800 1651 deo,

994 1668 1061 1690 non
1083 1657 1203 1690 suisset
1226 1659 1340 1692 danda
1356 1657 1478 1695 venia,
1501 1657 1529 1689 si
1551 1667 1716 1689 armorum
1738 1667 1800 1699 ge-

995 1714 1056 1735 nus
1076 1704 1291 1747 praecipuum
1311 1703 1490 1736 omisisset.
1524 1713 1586 1734 nec
1609 1701 1800 1735 audiendus

994 1754 1047 1780 est
1065 1749 1257 1783 Graeculus
1269 1775 1278 1790 ‚
1303 1749 1385 1782 nihil
1403 1749 1534 1782 referre
1552 1749 1687 1788 d‘cens,
1708 1747 1801 1790 quali

993 1794 1068 1838 quis
1087 1795 1203 1838 gladio
1228 1801 1354 1829 utatur.
1397 1795 1526 1838 harpen
1549 1793 1798 1827 adamantinam

994 1842 1145 1873 Saturno
1169 1841 1227 1874 dat
1248 1841 1381 1881 Tellus,
1406 1846 1441 1873 et
1460 1841 1531 1884 ipse
1552 1840 1721 1872 Vulcanus
1743 1839 1798 1872 vel

994 1885 1186 1919 Mercurius
1212 1888 1337 1920 Perseo
1363 1886 1535 1930 (Apollod.
1570 1889 1606 1925 1,
1635 1889 1673 1926 1,
1696 1887 1739 1925 43
1763 1887 1797 1926 2,

993 1930 1034 1971 4,
1060 1933 1115 1973 8.;
1148 1933 1331 1966 Eratosth.
1362 1934 1532 1966 Cataster.
1558 1932 1662 1972 22),
1702 1931 1798 1974 Ajaci

995 1983 1105 2010 autem
1126 1978 1256 2012 Hector
1278 1989 1388 2011 ensem
1412 1989 1504 2011 suum
1525 1977 1572 2022 η’,
1593 1979 1696 2018 303,
1720 1983 1799 2010 tan*

993 2034 1092 2067 quam
1123 2022 1245 2067 δωρόν
1273 2022 1508 2067 περικλυτὸν,
1539 2023 1673 2056 minime
1700 2034 1800 2066 sper-

992 2070 1156 2110 nendum,
1180 2082 1247 2114 quo
1271 2077 1305 2103 et
1325 2082 1404 2104 usus
1424 2078 1546 2115 postea
1567 2069 1677 2101 fertur
1700 2069 1798 2111 Ajax,

993 2095 1178 2159 eodemquie
1198 2128 1235 2149 se
1258 2118 1404 2160 percussi
1399 2128 1474 2149 sse.
1507 2115 1596 2159 apud
1622 2114 1798 2158 Virgilium

993 2173 1149 2205 quoque,
1182 2163 1264 2194 Aen.
1293 2164 1333 2203 8,
1360 2165 1437 2198 619.
1447 2187 1456 2203 ‚
1491 2163 1640 2196 Aeneas
1668 2160 1798 2204 pariter

993 2207 1167 2239 Vulcaniis
1191 2209 1334 2241 donatus
1361 2208 1485 2248 armis,
1509 2209 1720 2249 miraturque
1745 2208 1798 2238 ιἠ-
1827 2206 1830 2211 ’

991 2257 1110 2296 terque
1134 2265 1255 2286 manus
1280 2259 1312 2286 et
1337 2255 1478 2286 brachia
1504 2258 1618 2286 versat
1645 2253 1796 2285 Terribi-

992 2299 1057 2330 lem
1090 2299 1202 2332 cristis
1231 2302 1372 2342 galeam
1397 2302 1625 2343 flammasque
1659 2309 1798 2330 vomen-

992 2349 1079 2384 tem,
1114 2345 1367 2389 Fatiserumque
1398 2357 1510 2379 ensem
1534 2353 1600 2377 etc.
1632 2343 1797 2387 ejusmodi

991 2390 1098 2433 igitur
1122 2390 1267 2424 immisso
1290 2403 1389 2424 versu
1411 2398 1504 2425 recte
1524 2391 1692 2422 Vulcanus
1714 2390 1793 2424 614.
1826 2402 1830 2425 τ

991 2447 1084 2468 arma
1103 2438 1235 2469 omnia.
1264 2435 1376 2472 πάνθ’
1396 2434 1510 2476 ὅπλα,
1534 2437 1723 2469 fabricasse
1741 2436 1795 2468 di-
1826 2438 1831 2471 ἰ,

992 2482 1100 2515 citur:
1126 2493 1200 2514 nam
1222 2483 1316 2518 hasta
1331 2496 1396 2517 non
1419 2489 1492 2517 erat
1506 2481 1673 2522 saciend·‚
1695 2493 1793 2525 quam
1826 2515 1830 2520 ,

991 2527 1080 2560 domi
1108 2528 1285 2562 Ριῐιοιτέιι5
1317 2531 1526 2573 reliquerat,
1559 2528 1602 2560 ab
1635 2527 1700 2560 alio
1736 2538 1795 2560 ne·
1826 2545 1830 2557 ι

991 2573 1077 2606 mine
1099 2574 1316 2616 vibi-andam,
1351 2574 1442 2610 αλλιέ
1462 2588 1524 2618 μιν
1547 2572 1625 2612 οἷος
1647 2571 1794 2607 {niam-
1827 2613 1830 2622 ι

990 2630 1031 2653 το
1060 2621 1172 2663 πῆλαι
1202 2617 1371 2663 Ἀχιλλεύς
1397 2620 1450 2663 (π’
1464 2649 1472 2661 ,
1500 2619 1602 2656 142.)

1036 2665 1244 2701 4ι4-466.
1280 2667 1519 2702 θανάτοιο
1554 2663 1725 2705 νόσφιν
1754 2663 1794 2699 οἷ-
1826 2666 1830 2708 J

981 2710 1258 2767 ποκρυψαι
1285 2714 1398 2748 Schol.
1423 2715 1469 2747 Β.
1497 2709 1715 2753 ἀπαλλάξαι.
1740 2711 1792 2745 E:
1827 2738 1832 2742 .

981 2753 1187 2813 Ηφαιστος
1207 2757 1245 2793 δὲ
1262 2762 1379 2793 ταῦτα
1398 2757 1490 2800 πρὸς
1510 2757 1576 2802 τήν
1591 2758 1698 2793 Θέτιν
1719 2770 1792 2801 φη-

991 2815 1023 2838 σι
1044 2803 1126 2847 περὶ
1140 2801 1327 2847 Ἀχιλλέως,
1340 2806 1534 2860 μονονουχὶ
1554 2803 1662 2847 λέγων
1674 2802 1793 2838 doni-
1826 2800 1829 2812 ¹

990 2863 1039 2890 ως
1065 2848 1122 2885 ὅτι
1152 2852 1251 2892 εἴθε,
1277 2851 1324 2892 ὠς
1357 2864 1400 2886 συ
1429 2851 1489 2895 ἐιιέ
1514 2862 1602 2885 ποτε
1630 2849 1794 2892 ἔκρυψας

989 2894 1064 2930 aad
1092 2897 1156 2940 τῆς
1175 2893 1292 2939 ’Ἡρας
1320 2899 1458 2942 (395-
1469 2898 1579 2940 405),
1602 2894 1699 2931 ου’τω
1729 2897 1793 2931 δυ·
1826 2928 1829 2940 Δ

989 2943 1125 2986 ναίμην
1155 2943 1215 2977 καὶ
1251 2943 1319 2988 ἐγώ
1356 2943 1499 2985 κρύψαι
1530 2941 1699 2977 θανάτου
1728 2941 1794 2977 τὸν

990 2987 1054 3025 σὸν
1081 2987 1165 3024 υἱὸν
1186 2994 1252 3023 etc.
1281 3011 1326 3016 —
1368 2988 1608 3035 δυσηχέος.
1630 2987 1683 3029 π’,
1714 2988 1794 3030 442,
1828 3009 1830 3029 ;
