1847 3277
86 149 167 187 186

726 152 1123 191 OMHPOY

239 254 356 311 Ἴδης
386 272 430 299 τε
461 273 677 328 κνημους,
708 259 818 302 κατά
850 276 894 302 τε
927 258 1100 328 ῥωπήια
1132 260 1248 313 δυ’ω,

137 314 220 357 560
250 312 446 367 ἑσπέριος
475 312 521 357 δ’
550 314 607 357 ἂν
636 316 802 368 ἔπειτα,
814 315 1125 370 λοεσσάμενος
1153 321 1394 372 ποταμοῖο,

247 370 357 422 ἱδρω
386 368 656 427 ἀποψυχθεὶς
684 374 784 415 ποτὶ
802 370 936 415 Ἴλιον
965 371 1249 428 ἀπονεοίμην.

249 423 358 468 ἄλλα
372 428 458 497 τίη
487 444 563 482 μοι
592 431 730 470 ταῦτα
760 429 888 482 φίλος
918 429 1134 480 διελέξατο
1163 429 1330 498 θυμόςς

245 482 305 536 μή
337 481 383 537 μ’
416 483 740 554 ἀπαειρόμενον
769 484 923 535 πόλιος
952 488 1154 529 πεδίονδε
1183 484 1344 543 νοήσῃ,

247 539 322 581 καί
352 555 404 610 με
432 543 632 593 μεταΐξας
661 539 814 597 μάρψῃ
843 541 1039 597 ταχέεσσι
1068 543 1286 585 πόδεσσιν.

131 594 214 638 565
245 593 393 638 ουκέτ’
425 597 558 640 ἔπειτ’
592 597 712 639 ἔσται
739 599 941 641 θάνατον
969 599 1042 642 καὶ
1078 603 1224 668 Κῆρας
1253 597 1433 650 ἀλύξαι·

241 652 340 707 λίην
369 652 452 706 γὰρ
482 652 693 707 κρατερός
723 654 820 707 περὶ
847 654 1026 698 πάντων
1055 655 1146 699 ε”στ
1179 654 1442 709 ἀνθρώπων.

195 709 285 751 *εἰ
318 709 365 751 δέ
393 709 469 752 κέν
499 711 544 752 οἱ
572 710 847 763 προπάροιθε
876 710 1028 763 πόλιος
1056 714 1339 755 κατεναντίον
1368 711 1506 754 ἔλθω

240 764 314 807 καὶ
342 765 426 819 γάρ
457 771 545 822 θην
573 766 714 823 τούτῳ
744 767 909 821 τρωτὸς
921 769 1075 840 Ἡχρώς
1086 768 1174 820 ὀξέϊ
1201 771 1367 824 χαλκῳ,

239 820 288 863 ἐν
319 821 405 864 δὲ’
396 824 450 865 ια
470 823 611 894 ψυχή,
641 812 809 879 θνητὸν
840 825 886 868 δέ
917 824 941 867 ε’
967 824 1075 880 φασ’
1111 825 1357 878 ἅνθρωποι.

125 881 209 923 570
241 877 465 933 [ε’μμεναι·
499 878 641 936 αὐταρ
673 883 718 923 οἱ
746 883 968 938 Κρονίδης
998 883 1108 932 Ζεὺς
1138 884 1272 932 κῦδος
1301 879 1463 933 ὀπάζει.
1475 883 1487 931 ]

334 969 472 1004 tandem
498 971 662 1006 Achillem
687 979 820 1013 manet,
852 972 947 1006 velut
970 973 1140 1017 panthera
1162 975 1371 1006 venatorem.

302 1046 386 1099 ‘¹529
415 1048 549 1092 εἰπών
575 1047 746 1106 Ἀχιλῆα
775 1047 890 1102 ἀλεὶς
918 1051 1068 1107 μένεν·
1099 1051 1148 1094 ἐν
1177 1049 1225 1094 δέ
1255 1051 1299 1094 οἱ
1325 1045 1435 1106 ἦτορ

65 1171 147 1206 tetis
165 1172 425 1215 correctionem,
449 1175 680 1232 probaremus,
706 1175 772 1209 nisi
792 1176 878 1210 haec

65 1224 101 1252 et
124 1218 248 1252 similia
271 1217 392 1263 ’'1612ch
416 1222 612 1277 Κρονίωνι,
633 1219 815 1256 Ἰδαίων’
798 1222 876 1265 ορέ-

64 1277 140 1305 ων,
165 1264 299 1299 diceret
323 1266 444 1320 ῌοιιιη
468 1279 535 1301 non
557 1265 696 1313 Ἰδηῖζο,
719 1266 874 1322 '16772'212215

63 1311 241 1344 suaderem
254 1309 416 1356 ευλήιον,
432 1319 548 1358 aptum
567 1314 746 1358 epitheton
764 1315 875 1358 campi

63 1356 188 1390 remoti
213 1370 232 1390 a
257 1359 403 1402 pugnis,
436 1360 527 1392 ultra
551 1360 715 1403 Trojam,
747 1360 790 1393 ad
815 1361 873 1393 Si-

62 1405 229 1436 moentem
255 1408 304 1446 (v.
323 1405 490 1448 Kraus),
518 1405 548 1438 si
572 1412 669 1439 certa
687 1411 779 1439 esset
799 1407 873 1449 ejus

62 1448 220 1482 vocabuli
233 1451 432 1485 auctoritas.
457 1451 639 1506 usurpavit
650 1457 760 1484 tamen
773 1452 872 1485 Hom.

60 1496 200 1528 verbum
226 1495 436 1551 βαθυλήιος
468 1495 519 1536 σ’,
542 1498 631 1538 550,
662 1510 725 1532 nec
749 1498 872 1531 desunt

60 1541 183 1574 similia
207 1539 412 1585 εὕκαρπος,
438 1540 616 1586 εύλειμος,
641 1543 732 1588 quod
754 1550 869 1579 nostro

59 1592 113 1621 est
135 1587 362 1632 βαθύλειμος
393 1587 437 1632 ι’,
463 1590 524 1624 151
549 1594 616 1623 etc.
652 1590 695 1622 cs.
716 1591 794 1625 602.
825 1609 870 1616 --

56 1653 103 1659 —
126 1634 253 1678 Ἴδης
277 1647 323 1669 τε
347 1634 574 1693 κνημούς.
603 1634 684 1671 449.
712 1656 752 1661 -
791 1635 870 1679 ῥω-

56 1677 186 1724 πήϊα.
210 1679 262 1721 ν’,
290 1683 365 1716 199.
390 1701 429 1706 —
465 1679 708 1723 ἑσπέριος,
734 1694 870 1726 vesper-

55 1727 169 1768 tinus,
194 1738 352 1781 vespere
386 1739 420 1761 v.
446 1728 570 1761 Horat.
596 1728 708 1771 Epod.
737 1730 797 1768 16
823 1731 866 1764 51

55 1778 121 1805 etc.
150 1792 195 1802 —.-
248 1773 583 1818 ἀποψυχθεὶς,
628 1776 869 1819 refrigeratus.

53 1819 99 1852 cf.
125 1819 254 1864 Odyss.
279 1819 341 1862 ω’,
366 1821 446 1856 347.

99 1866 180 1900 562.
217 1863 268 1907 λ’,
294 1865 363 1901 407
383 1872 450 1900 etc.

98 1923 222 1957 563—
233 1924 364 1967 566.μ
338 1921 397 1967 μή
421 1922 466 1967 μ’
493 1921 564 1958 cin.
587 1928 654 1959 etc.
679 1922 786 1956 intell.
810 1923 868 1958 δέ·

52 1968 172 2004 ὂοικα.
211 1981 244 2002 v.
275 1970 388 2014 Viget
416 1981 450 2015 p.
476 1969 556 2007 455.
580 1981 658 2003 ann.
680 1969 715 2012 †.
748 1969 866 2004 Schol.

51 2014 111 2047 B:
155 2009 524 2060 ἀπαειρόμενον.
583 2013 793 2071 olnac'qoim
833 2029 864 2051 u.

52 2059 332 2105 ἀποχωροῦντα.
365 2082 407 2087 —
459 2062 566 2108 περὶ
602 2082 644 2088 -
679 2059 865 2105 ἀνθρώ-

51 2120 159 2143 πων.
192 2107 246 2150 α’,
271 2110 340 2144 287
359 2113 426 2143 etc.

96 2166 176 2200 567.
206 2163 385 2206 πόλιος.
420 2167 472 2200 sic
497 2166 551 2200 ed.
577 2166 701 2206 Rom.,
730 2165 848 2210 steph.
843 2192 865 2209 .‚

51 2210 102 2251 E,
128 2213 187 2251 W,
214 2211 297 2245 elisa
322 2212 431 2246 vocali
454 2212 584 2253 media,
610 2213 708 2255 cujus
730 2213 780 2245 rei
803 2213 864 2245 de-

50 2256 166 2290 sidero
181 2258 383 2301 exemplum.
408 2259 500 2292 Flor.
520 2263 555 2292 et
569 2258 688 2292 Aldd.:
708 2257 862 2301 πόληος.

50 2314 136 2336 unus
163 2303 329 2345 vindob„
356 2316 454 2348 quem
478 2311 618 2338 secutus
644 2308 697 2338 est
715 2305 768 2343 H,
793 2305 862 2339 πό-

46 2351 140 2390 λεος,
150 2348 274 2383 Attice.
303 2350 464 2384 abhorret
476 2362 495 2384 a
508 2356 615 2384 metro
628 2351 727 2394 hujus
740 2362 861 2384 versus

48 2406 116 2428 vox
150 2399 413 2437 κατεναντίον,
449 2409 518 2439 qua
551 2408 717 2450 nusquam
753 2399 860 2430 utitur

46 2441 227 2476 Homerus.
252 2442 411 2476 videatur
430 2442 535 2485 igitur
546 2443 691 2487 cuipiam
708 2443 757 2476 sic
771 2444 858 2477 scri-

46 2487 193 2521 bendum
218 2500 295 2521 esse
319 2489 353 2523 εἰ
373 2487 414 2524 δέ
438 2488 500 2523 κέν
524 2489 559 2523 οἱ
584 2502 696 2528 neon.
719 2487 858 2532 πόληος

43 2531 215 2568 ἐναντίον
234 2534 332 2569 ἔλθω
346 2559 355 2577 ,
380 2535 433 2569 vel
454 2535 671 2579 probioribus
690 2536 856 2570 numeris:

43 2581 78 2614 εἰ
97 2579 137 2616 δέ
156 2594 176 2615 κ
183 2577 384 2616 ’ἐναντίον
400 2580 437 2615 οὶ
458 2581 554 2616 ἔλθω
575 2595 687 2622 neon.
704 2580 854 2625 πόληος.

42 2638 161 2661 verum
188 2627 251 2661 hoc
271 2627 300 2660 si
325 2627 490 2672 legissent
509 2627 638 2661 libra·
618 2640 661 2668 ιι
685 2629 853 2672 quomodo

42 2673 110 2708 illis
151 2672 185 2705 in
223 2678 365 2708 mentem
408 2675 529 2708 venire
564 2673 731 2717 potuisset
770 2675 853 2708 dare

41 2720 299 2760 κατεναντίον,
339 2721 455 2754 luxato
487 2720 618 2754 versu?
662 2720 740 2753 hinc
772 2721 852 2754 ιιιίΙιί

41 2769 123 2798 nata
155 2770 209 2799 est
239 2765 411 2810 suspicio,
447 2767 556 2800 latere
580 2765 707 2810 aliquid
734 2766 767 2799 in
792 2779 853 2800 vo-

40 2812 164 2845 cabulo
197 2810 336 2852 πόλιος.
384 2824 546 2857 ponamus
570 2811 706 2854 πολύς,
733 2818 766 2845 et
792 2813 852 2845 lm-

41 2857 195 2891 bebimus
213 2858 309 2891 simul
333 2858 534 2893 sententiam
552 2858 603 2892 his
623 2859 726 2892 rebus
744 2859 851 2903 aptis-

41 2904 179 2944 simam,
205 2909 239 2937 et
265 2915 399 2938 versum
420 2904 547 2949 optime
563 2910 747 2938 tornatum.
785 2918 851 2939 πο-

42 2949 106 2989 λύς
130 2955 184 2983 est
208 2951 400 2993 vehemens,
426 2951 647 2996 impetuosus.
673 2958 710 2985 ut
730 2951 848 2996 Eurip.

924 1177 987 1210 Or.
1023 1177 1142 1212 1172:
1178 1175 1242 1209 καί
1276 1188 1334 1209 νιν
1359 1174 1477 1215 δοκῶ,
1512 1171 1553 1207 τό
1585 1184 1733 1214 πρωτον

921 1219 968 1267 ἢν
986 1222 1103 1263 πολνς
1122 1224 1234 1267 παρῇ,
1257 1220 1388 1266 Χρόνῳ
1406 1219 1581 1264 μαλάξειν
1602 1216 1734 1261 σπλάγ-

922 1281 1029 1312 χνον,
1055 1276 1090 1302 et
1115 1268 1255 1326 Hippol
1281 1270 1362 1302 421.
1427 1265 1571 1308 Κύπρις
1592 1278 1661 1307 γαρ
1687 1262 1731 1298 οὐ

922 1313 1114 1358 φορητὸν,
1145 1313 1189 1359 ἢν
1223 1312 1343 1368 πολλή
1371 1311 1465 1357 ρυῇ,
1506 1318 1541 1345 et
1573 1311 1733 1344 Comicus

920 1361 1008 1393 Ran.
1038 1362 1157 1395 1038.;
1184 1358 1275 1403 μέγα
1301 1356 1343 1393 τό
1369 1360 1538 1403 πρᾶγμα,
1571 1355 1665 1391 πολύ
1689 1354 1732 1389 τὸ

918 1410 1061 1447 νεῖκος,
1097 1410 1133 1438 et
1163 1406 1240 1461 ipse
1273 1406 1371 1439 Hom.
1417 1405 1519 1439 simili
1550 1415 1652 1437 sensu
1684 1401 1731 1447 η’,

920 1454 1020 1487 156.=
1044 1451 1176 1491 πολλὸς
1195 1464 1264 1495 γαρ
1289 1465 1343 1491 τις
1362 1450 1487 1486 §.uam
1521 1450 1650 1484 mallem
1675 1450 1732 1482 hic

918 1510 1056 1543 quoque
1084 1498 1227 1532 similius
1252 1497 1405 1539 πολλος,
1427 1498 1462 1530 id
1481 1497 1510 1530 si
1531 1507 1652 1531 versus
1670 1495 1732 1527 ad-

917 1544 1079 1581 mitteret.
1122 1545 1309 1588 genitivum
1332 1544 1547 1597 requirentes
1573 1541 1729 1586 posuisse

917 1590 1080 1623 videntur
1115 1591 1354 1646 προπαροιθε
1385 1589 1531 1629 πόλιος,
1566 1600 1640 1622 cum
1665 1598 1728 1631 per

916 1648 954 1669 se
979 1636 1107 1670 dictum
1133 1637 1303 1682 προπάρ.
1325 1637 1413 1669 idem
1439 1635 1626 1679 significet,
1650 1633 1724 1668 scil.

915 1688 998 1716 ante
1021 1684 1160 1724 urbem,
1196 1684 1230 1716 in
1265 1695 1383 1726 campo
1410 1680 1658 1725 Scamandrio,
1692 1679 1726 1711 iu

915 1740 981 1773 quo
1016 1735 1212 1773 pugnatum
1253 1729 1308 1762 vel
1343 1730 1434 1762 forte
1464 1729 1630 1771 scriptum
1662 1733 1728 1766 est,

916 1775 1059 1819 proclivi
1080 1775 1213 1819 quidem
1234 1776 1346 1820 lapsu,
1368 1773 1497 1814 πόλιος
1517 1786 1579 1820 pro
1598 1773 1726 1813 πολυς,

915 1821 1199 1865 quemadmodum
1234 1835 1256 1856 v
1293 1827 1326 1855 et
1352 1835 1387 1855 οι
1413 1821 1611 1854 commutaii
1635 1820 1726 1853 iuter

914 1878 952 1899 se
976 1867 1098 1900 solent.
1141 1868 1229 1901 bene
1254 1873 1365 1901 autem
1392 1863 1409 1902 ὁ
1437 1864 1551 1906 πολ-,ὓς
1580 1866 1724 1911 opponi-

914 1918 971 1946 tur
996 1915 1048 1960 τῷ
1072 1913 1154 1958 λίην
1177 1916 1338 1959 κρατερῷ
1371 1914 1453 1955 περι
1485 1911 1636 1947 πάντων
1661 1912 1724 1948 οἶν-

913 1948 1099 2001 omnm,
1136 1966 1171 1993 et
1195 1965 1389 2001 congruunt
1417 1960 1475 1993 illa
1508 1960 1543 1993 in
1576 1971 1725 2016 sequen-

913 2004 1005 2040 tibus
1037 2004 1077 2041 ἐν
1113 2006 1153 2041 δέ
1192 2020 1226 2041 οι
1262 2004 1350 2051 ἦτορ
1373 2003 1542 2049 ’Ἄλκιμον
1575 2003 1725 2048 (ὁρμᾶτο

911 2054 1138 2095 πτολεμίζειν
1169 2051 1235 2097 η’δὲ
1260 2054 1448 2098 μάχεσθαι
1481 2059 1517 2086 et
1542 2053 1652 2087 simile
1679 2054 1724 2086 de

914 2099 1093 2142 panthexnja
1119 2105 1154 2133 et
1177 2100 1339 2144 gloriatio
1357 2099 1538 2144 Agenoris.
1574 2107 1723 2133 ceterum

913 2146 999 2178 haec
1025 2145 1120 2179 dicta
1141 2152 1220 2179 sunt
1244 2146 1481 2186 ἐλλειπτικῶς.
1516 2147 1633 2179 13:—
1660 2146 1722 2180 δο-

909 2194 969 2244 κρῖ
990 2193 1128 2226 λείπειν
1158 2191 1200 2226 τὸ
1237 2193 1347 2233 ἴσως
1378 2190 1527 2227 οὶνέλω
1560 2188 1722 2234 αυτόν,

909 2234 932 2281 ἦ
958 2238 1131 2272 τοιοῦτόν
1155 2251 1199 2272 τι.
1236 2239 1281 2272 cf.
1306 2239 1386 2274 487.

915 2291 918 2294 ’
953 2295 1033 2372 5691.
1067 2294 1115 2329 ιά
1139 2293 1286 2340 ψυχὴ,
1311 2308 1383 2329 una
1407 2296 1526 2329 anima
1544 2307 1603 2328 seu
1630 2296 1717 2336 vita,

907 2351 974 2372 non
995 2341 1027 2385 pl
1033 2352 1120 2381 ureS‚
1146 2355 1211 2386 quo
1231 2342 1395 2376 morietur
1414 2342 1557 2375 facilius.
1591 2343 1716 2386 „Virg.

906 2389 989 2419 Aen.
1019 2390 1081 2427 10,
1106 2389 1203 2422 375:
1238 2390 1376 2421 mortali
1398 2400 1564 2432 urgemur
1588 2390 1630 2421 ab
1657 2389 1717 2421 ho-

904 2436 956 2464 ste
992 2433 1173 2469 Mortatcsz
1211 2435 1351 2469 totidem
1385 2436 1481 2468 nobis
1511 2436 1716 2480 animaeque

903 2489 1103 2523 manusque.
1119 2482 1142 2498 “
1168 2480 1219 2514 Cl.

948 2537 1027 2571 570.
1074 2549 1194 2571 versus
1235 2538 1357 2572 merito
1388 2536 1643 2577 addubitatum
1679 2549 1710 2570 v.

901 2582 1017 2615 Schol.
1040 2583 1078 2616 A.
1105 2584 1207 2617 etiam
1232 2584 1358 2620 Scholl.
1386 2583 1522 2617 Townl.
1544 2590 1580 2616 et
1598 2583 1710 2616 vict.:

900 2626 1111 2669 (ἔθει-εἷται,
1147 2628 1196 2669 ὡς
1235 2630 1334 2665 λύων
1367 2629 1435 2664 τὸν
1464 2628 1710 2671 ἐπιλόγισμον.

900 2655 1214 2717 (ratiocinationem
1252 2676 1420 2720 Agenoris
1461 2676 1589 2710 turbari
1626 2677 1711 2709 dicit

900 2722 963 2754 hoc
988 2733 1110 2761 versu,
1135 2722 1290 2766 quoniam
1316 2722 1367 2764 is,
1390 2721 1445 2755 cui
1468 2721 1607 2767 Jupiter
1634 2723 1709 2779 opi-

899 2766 1049 2808 tulatur,
1079 2779 1144 2801 non
1177 2773 1231 2802 est
1254 2767 1538 2823 impugnandus)
1580 2767 1710 2811 κρέμα-

899 2817 992 2847 σθαι
1016 2812 1084 2857 γάρ
1118 2827 1170 2854 τις
1194 2816 1348 2856 νομίσας
1373 2812 1438 2849 τὸν
1460 2813 1568 2860 λόγον
1593 2827 1703 2858 προσ-

899 2858 1011 2901 έθηκε
1036 2859 1100 2894 τόν
1126 2863 1260 2903 στίχον.

944 2906 1153 2941 571—-584-
1188 2908 1288 2940 Seli-t
1322 2903 1464 2945 οἷλείς.
1487 2906 1604 2951 (534.)
1641 2919 1700 2942 συ-

899 2954 1083 2997 στραφείς.
1128 2953 1242 2987 Schol.
1268 2953 1316 2987 B:
1344 2953 1549 2998 συστρέψας
1571 2954 1612 2990 τὸ
1637 2955 1702 2989 σῶ-
