1847 3277
646 142 1184 186 ΙΛΙΑΔΟΣΤ.
1689 149 1746 189 95

262 251 510 306 δυσμενέων
538 249 626 294 fiam*
658 251 826 305 χερσὶν,
857 251 958 306 ἐμεῦ
987 249 1350 322 ἀπομηνίσαντος.

251 308 430 362 *Ἕκτορι
459 307 538 362 μὲν
571 307 643 349 καὶ
677 309 819 361 Τρωσὶ
848 309 895 351 τὸ
926 308 1125 376 κέρδιον·
1157 306 1294 361 αὐτὰρ
1321 307 1518 363 Ἀχαιούς

264 365 400 420 δηρὸν
427 364 531 419 ἐμῆς
560 363 631 406 καὶ
662 367 739 419 σῆς
770 364 911 418 ε’ριδος
921 362 1187 435 μνήσεσθαι
1215 362 1306 405 ὀΐω.

181 426 235 466 65
270 421 376 464 ἀλλά
404 421 456 462 τὰ
487 420 567 490 μὲν
595 421 885 487 προτετύχθαι
914 420 1125 474 ἐασομεν,
1160 418 1395 489 ἀχνύμενοί
1422 436 1524 476 περ,

261 477 418 545 θυμὸν
438 477 500 518 ἐνὶ
531 475 736 530 στηθεσσι
759 479 901 545 φίλον
931 475 1200 531 δαμάσαντες
1231 475 1411 544 ἀνάγκη

260 538 345 576 νῦν
375 531 418 575 δ’
449 529 547 589 ἦτοι
578 533 656 588 μὲν
687 549 768 588 εγω
799 532 926 576 παύω
955 534 1109 604 χόλον,
1142 532 1248 576 οὐδέ
1277 535 1318 575 τί
1346 549 1399 588 με
1427 532 1509 589 χρὴ

260 588 470 639 ἀσκελέως
500 589 583 631 αἰεὶ
615 588 900 643 μενεαινέμεν.

955 588 1054 633 ἀλλ’
1087 589 1162 644 ἄγε
1190 593 1359 633 θᾶσσον

259 646 448 718 ὄτρυνρν
474 644 716 699 πόλεμόνδε
745 645 1116 714 καρηκομόωντας
1142 645 1366 714 Ἀχαιοὺς,

173 709 229 748 7Ο
259 701 366 775 ὄφρ’
392 702 453 745 ε’τι
482 701 556 744 καὶ
591 702 758 755 Τρώων
787 702 1049 772 πειρήσομαι
1080 703 1226 754 ἀντίος
1257 701 1421 752 ἐλθών,

258 760 306 801 αἴ
331 756 366 802 κ’
396 757 572 801 ἐθέλωσ’
602 758 670 802 ἐπὶ
700 759 856 829 νηυσὶν
887 758 1047 802 ἰαύειν·
1073 757 1194 829 ι,ἀλλά
1223 757 1302 801 τιν’
1332 760 1412 801 οἴω

258 815 478 865 ἀσπασίως
510 813 655 858 αὐτῶν
684 814 808 888 γόνυ
824 815 1039 885 κάμψειν,
1069 815 1117 866 ὅς
1146 832 1194 859 κε
1225 814 1395 873 φύγῃσι

256 874 384 928 δηΐου
414 871 460 914 ἐκ
490 872 696 927 πολέμοιο
727 871 808 915 ὑπ’
843 873 984 928 ε’γχεος
1013 870 1278 929 ἡμετέροιο.ι

305 962 433 1005 gaudet
460 962 650 1004 exercitus3
688 964 914 1006 Agamemnon
939 967 1049 996 autem
1082 963 1182 1006 gravi
1207 961 1363 995 oratione
1388 962 1528 994 excusat
1552 959 1656 1002 deos,
1692 961 1745 995 fa-

224 1013 316 1047 tum,
349 1008 504 1052 Erinnyn
529 1014 632 1052 atque
656 1010 767 1048 Aten,
802 1020 891 1052 quae
924 1009 1057 1053 quidem
1082 1009 1192 1053 ipsum
1226 1008 1412 1052 aliquando
1444 1007 1560 1040 Jovem
1593 1007 1744 1048 laeserit,

223 1060 259 1086 et
281 1053 480 1094 Herculem,
507 1060 638 1097 partum
664 1054 737 1096 ejus
762 1053 1002 1097 impediendo,
1028 1054 1150 1088 deinde
1173 1065 1210 1087 re
1235 1065 1372 1098 quoque
1398 1053 1454 1086 diu
1479 1053 1600 1086 iratum
1628 1053 1745 1098 placa-

222 1102 337 1141 turus,
370 1100 540 1144 tantisper
575 1100 752 1144 quiescere
775 1100 940 1133 Achillem
968 1100 1093 1144 jubet,
1128 1099 1236 1133 donec
1269 1099 1346 1132 olim
1373 1098 1538 1142 promissa
1562 1099 1628 1144 ipsi
1654 1099 1744 1133 dona

220 1145 264 1178 ab
288 1155 326 1177 se
350 1145 551 1178 afferantur.

322 1210 404 1263 ι’,Ως
435 1210 573 1266 ἔφαθ’

588 1226 600 1238 ·
630 1230 671 1256 οι
704 1210 748 1256 δ’
780 1212 1024 1282 ἐχάρησαν,
1058 1210 1314 1267 ἐϋκνήμιδες
1339 1209 1524 1267 Ἀχαιοὶ,

167 1273 221 1314 75
250 1272 383 1323 μῆνιν
416 1267 677 1320 ἀπειπόντος
705 1269 964 1324 μεγαθύμου
997 1271 1257 1340 Πηλείωνος.

253 1330 366 1368 τοῖσι
396 1326 441 1369 δὲ
470 1327 543 1368 καὶ
573 1326 788 1396 μετέειπεν
818 1325 925 1378 ἄναξ
954 1324 1131 1379 ἀνδρῶν
1157 1324 1455 1395 Ἀγαμέμνων,

253 1380 442 1426 αὐτόθεν
471 1382 513 1433 ἐξ
543 1381 693 1453 ἕδρης,
727 1380 828 1426 οὐδ’
861 1382 907 1425 έν
936 1383 1182 1437 μέσσοισιν,
1215 1380 1433 1432 ἀναστάς·

327 1469 353 1489 ,,
360 1434 414 1481 Ὦ.
446 1441 568 1494 φίλοι
597 1439 736 1494 ἥρωες
765 1439 962 1491 Δαναοὶ,
992 1438 1262 1492 θεράποντες
1279 1438 1463 1495 ’Ἁρηος,

248 1493 451 1547 ἑσταότος
481 1495 560 1551 μὲν
589 1495 727 1539 καλόν
758 1494 959 1548 ἀκούειν,
991 1494 1094 1540 οὐδὲ
1125 1496 1266 1539 εόικεν

78 1604 312 1663 ἀπειρεσιήν.·
348 1620 380 1641 v.
406 1606 462 1653 η’,
486 1606 576 1649 446,
602 1607 655 1650 v',
681 1609 724 1643 58
748 1612 814 1644 etc.
839 1628 883 1633 —-

79 1651 480 1709 ἀπομηνίσαντος.
533 1653 587 1700 β’,
619 1634 697 1690 772.
738 1674 776 1680 -
832 1654 881 1691 τὸ

76 1701 291 1742 κέρδιον.
318 1699 368 1744 γ’,
393 1704 456 1741 41,
480 1699 531 1742 ζ’,
556 1699 624 1736 410
645 1708 711 1735 etc.

121 1749 187 1789 65,
212 1750 266 1783 66
303 1725 743 1788 σ,112,1’13.εΐ.π’,
769 1748 823 1781 60.

119 1795 282 1829 68-71
317 1790 560 1833 ἀσκελέως.
585 1792 729 1838 (Odyss.
755 1791 800 1834 α’,
825 1792 881 1834 68,

76 1836 128 1881 δ’,
151 1839 239 1879 543,
261 1837 314 1880 κ’,
337 1838 434 1883 463.)
466 1852 560 1883 αγαν
584 1839 769 1895 σκληρῶς,
794 1836 882 1882 ἀμε-

73 1888 279 1942 τοιστρεπτί.
324 1886 478 1920 σκέλλειν
499 1884 569 1930 γάρ
595 1883 636 1919 τὸ
661 1888 879 1929 σκληροποι-

75 1933 148 1973 εῖν,
172 1931 282 1976 inquit
306 1931 419 1965 Schol.
444 1932 494 1972 B,
528 1942 624 1976 quem
651 1931 707 1964 alii
731 1942 882 1986 sequun-

74 1983 140 2011 tur.
177 1978 221 2011 cf.
243 1978 346 2010 Schn.
372 1979 404 2010 h.
424 1989 456 2010 v.
504 1977 559 2010 cui
583 1980 695 2010 tamen
718 1991 742 2011 α
766 1974 880 2021 αὔξη-

73 2023 178 2058 τικὸν
210 2023 284 2056 sive
316 2022 543 2064 intensivum,
577 2023 668 2068 quod
700 2023 801 2068 vulgo
826 2023 880 2056 di-

75 2076 166 2112 cunt,
191 2069 336 2103 sumenti
354 2069 388 2102 in
409 2069 470 2102 hoc
497 2070 599 2103 verbo
618 2081 682 2102 nou
700 2069 879 2111 assentior,

76 2116 137 2149 sed
161 2114 310 2171 ἀσκελής
336 2126 397 2159 pro
423 2113 547 2159 σκελὴς
571 2115 696 2149 dictum
722 2121 818 2160 puto,
843 2120 880 2148 ut

74 2159 359 2248 ῗέἒηέἔέξωξιῖἓ,
364 2159 879 2265 βέἶχξῖἷιζηὲἦαλέἒῃρῗιμὲ

868 2233 879 2249 9

73 2255 152 2289 235.
179 2259 214 2287 et
238 2251 268 2288 o'
281 2278 292 2294 ,
317 2254 395 2288 606.
420 2273 461 2278 -
498 2253 584 2295 ἔτι,
610 2254 735 2295 adhuc,
760 2255 879 2295 etiam,

76 2305 115 2333 ut
147 2306 224 2333 ante
254 2298 331 2332 feci.
379 2297 449 2334 ε’τι
482 2300 586 2342 καὶ,
628 2300 689 2335 καὶ
729 2298 793 2334 ἔτι.
833 2320 879 2324 -

75 2343 294 2385 ,,ἱαύειν,
319 2343 600 2388 ἕπαυλίζεσθαι,
631 2352 669 2380 ut
693 2345 716 2380 ι’
730 2347 844 2388 ,.325
853 2348 878 2366 “

72 2391 103 2424 Ε
126 2391 241 2425 Schol.
269 2393 305 2424 A.

119 2439 187 2476 72,
210 2438 265 2472 73
291 2435 337 2479 η’,
357 2438 443 2477 118,
464 2439 540 2473 119.
568 2438 623 2471 hic
642 2448 776 2482 quoque
792 2448 878 2471 unus

76 2483 242 2517 Vindob.·
267 2484 313 2518 αἴ
328 2495 368 2518 κε
394 2481 478 2527 φύγ.
504 2484 557 2517 E:
583 2502 625 2509 -—-
659 2483 711 2517 αἴ
728 2496 830 2525 κεν,
853 2480 879 2526 ἢ

73 2525 94 2564 6
108 2543 125 2569 ς
148 2541 197 2564 κε
222 2549 276 2562 -.
320 2537 355 2563 et
386 2529 508 2585 paucis
528 2529 736 2572 interjectis:
770 2528 811 2565 τό
837 2529 877 2565 δε

73 2575 127 2609 αἴ
153 2587 202 2610 κε
235 2575 366 2632 φύγη
400 2576 463 2610 καὶ
497 2573 579 2619 εξῆς
612 2580 679 2610 etc.
711 2594 757 2600 —
804 2572 877 2611 ὑπ’

73 2619 236 2678 ἔγχεος
268 2619 337 2666 ἠμ.
379 2633 414 2656 ν.
440 2620 488 2664 ζ’,
513 2623 578 2664 73,
609 2619 671 2664 π’,
706 2623 766 2665 16,
796 2623 877 2666 591,

73 2680 93 2711 ρ
116 2693 127 2709 ,
149 2669 218 2704 224
240 2674 308 2704 etc.

118 2713 174 2749 75.
198 2714 254 2747 liic
271 2713 490 2754 ἀπειπόντος
508 2713 591 2747 elisa
609 2712 874 2757 praepositione,

73 2759 128 2793 35.
154 2764 262 2792 autem
288 2760 376 2794 dixit
399 2757 606 2818 ἀπσειπών,
632 2763 670 2792 ut
691 2757 875 2796 ἀπαίνυτο

74 2803 103 2839 ο’
107 2807 228 2846 ,,595
254 2811 288 2838 et
313 2812 430 2841 contra
452 2806 657 2842 ἀποαίνυτο
677 2805 806 2849 Odyss.
822 2805 872 2849 μ’,

70 2852 149 2885 419.
186 2856 221 2884 et
252 2850 300 2894 ξ’,
335 2853 436 2894 309.;
483 2863 549 2898 quo
589 2851 667 2884 item
702 2851 872 2895 pertinent

70 2894 265 2937 ἐπιείκελος
288 2904 324 2931 et
347 2897 526 2939 ἐπείκελος
548 2898 581 2932 α’
590 2922 600 2938 ,
623 2898 713 2940 265,
741 2897 869 2952 Odyss.

71 2941 122 2984 o',
146 2944 231 2984 413,
260 2942 463 2997 ἐπιόψομαι
487 2952 523 2980 et
546 2943 706 3000 ἐπόψεαι
731 2942 764 2981 ι’,
792 2944 870 2986 167,

929 1610 1019 1650 602,
1045 1606 1090 1650 α’,
1106 1608 1196 1649 294,
1222 1608 1357 1653 aliaque
1378 1607 1626 1652 hujuscemodi,
1652 1618 1740 1653 quae

929 1655 1031 1688 miror
1062 1655 1176 1688 mirari
1211 1655 1388 1699 Heyneum
1431 1658 1466 1687 et
1502 1655 1738 1688 Buttmannum

933 1701 1042 1733 Lexil.
1067 1701 1092 1734 I.
1120 1713 1152 1746 p.
1179 1702 1257 1736 287.
1284 1712 1361 1735 ann.
1387 1700 1525 1733 damnat
1553 1705 1620 1733 tam
1646 1700 1739 1733 futili

929 1747 973 1780 de
997 1758 1099 1780 causa
1124 1748 1212 1780 hunc
1235 1758 1366 1780 versum
1386 1746 1583 1789 Bentlejus‚
1610 1745 1740 1780 delevit

928 1793 968 1826 P.
1002 1793 1212 1837 Knightius,
1243 1798 1282 1826 ut
1311 1793 1521 1838 concipilare
1552 1792 1640 1826 solet
1663 1792 1739 1825 Ho-

927 1849 1064 1874 merum.

973 1886 1028 1920 77.
1055 1885 1088 1917 1ι.
1108 1896 1138 1917 e.
1159 1881 1322 1924 ἀναστάς
1340 1879 1422 1918 aziz.
1443 1881 1482 1926 ἐξ
1501 1880 1619 1927 ἕδρης,
1647 1880 1739 1918 οὐδ’

928 1929 965 1966 ἐν
990 1929 1194 1974 μέσσοισιν,
1223 1931 1330 1966 intell.
1358 1928 1436 1965 εἷπε
1461 1942 1479 1963 e
1505 1930 1611 1964 verbo
1635 1929 1739 1974 μετέ-

927 1989 1038 2012 ειπεν.
1084 1977 1273 2021 hyberbato
1303 1988 1368 2010 non
1402 1975 1640 2010 animadverso
1664 1981 1738 2010 tur-

926 2025 1052 2057 barunt
1077 2022 1200 2056 Critici
1232 2028 1335 2067 atque
1367 2023 1540 2063 editores,
1574 2022 1628 2055 vel
1655 2034 1737 2068 per-

926 2081 1041 2114 peram
1065 2068 1114 2102 illi
1145 2069 1230 2102 haec
1253 2069 1544 2113 interpretantes,
1577 2069 1632 2102 vel
1664 2080 1737 2102 mu-

924 2120 1058 2156 tantas,
1101 2121 1159 2148 aut
1192 2121 1438 2159 expungentes.
1483 2125 1568 2159 quos
1598 2114 1736 2160 longum

926 2167 978 2195 est
1001 2161 1160 2195 refellere
1185 2160 1347 2205 singulos.
1391 2161 1499 2194 tribus
1533 2160 1649 2193 verbis
1674 2162 1736 2194 de-

923 2208 1057 2251 fungar.
1098 2213 1213 2248 stans,
1238 2218 1331 2240 more
1357 2213 1554 2247 oratorum,
1589 2217 1653 2240 non
1679 2218 1733 2240 se—

924 2253 1029 2294 dens,
1052 2252 1141 2287 dixit
1164 2256 1414 2296 Agamemnon3
1439 2264 1502 2286 nec
1521 2257 1634 2286 tamen
1652 2264 1735 2297 pro-

924 2310 1062 2343 gressus
1087 2303 1139 2332 est
1156 2299 1190 2331 in
1215 2298 1378 2340 medium,
1402 2304 1440 2332 ut
1463 2298 1547 2331 alias
1565 2298 1734 2340 solebant,

925 2345 1053 2390 quippe
1070 2345 1172 2379 turba
1190 2344 1366 2378 innumera
1378 2345 1560 2390 impeditus
1578 2349 1613 2378 et
1633 2356 1734 2389 prae-

923 2391 1089 2425 festinaus
1115 2401 1248 2424 causam
1273 2402 1368 2424 suam
1393 2402 1510 2435 agere,
1535 2390 1595 2423 sed
1619 2391 1734 2425 oravit

925 2442 1004 2471 ante
1037 2439 1165 2493 ipsum
1178 2437 1399 2476 subsellium,
1425 2449 1444 2471 e
1477 2448 1543 2492 quo
1568 2436 1732 2479 surrexit,

923 2482 1034 2525 εστώς
1063 2481 1167 2540 παραὶ
1196 2483 1241 2528 τῇ
1267 2482 1457 2537 καθέδρᾳ,
1492 2480 1584 2517 οὐδ’
1607 2480 1646 2516 ἐν
1669 2481 1732 2525 με’-

924 2540 1002 2570 σοις
1039 2528 1171 2569 εστώς,
1206 2500 1245 2562 ult
1276 2529 1323 2562 ait
1358 2519 1539 2572 Dionysius
1570 2528 1732 2562 Sidonius

923 2586 978 2633 ap.
1004 2578 1069 2631 Ap.
1103 2587 1125 2609 v
1157 2573 1366 2633 ὑββάλλειν.
1407 2575 1485 2609 hinc
1507 2576 1626 2630 Agam.
1653 2576 1730 2609 79.=

922 2620 1152 2662 ἑσταότος
1175 2621 1254 2664 μὲν,
1280 2621 1403 2666 inquit,
1428 2619 1539 2655 καλὸν
1565 2617 1729 2661 ἀκούειν,

920 2674 1069 2702 stantem
1093 2667 1212 2702 audire
1241 2667 1351 2701 decet.
1388 2666 1485 2700 stetit
1504 2667 1623 2711 igitur.
1655 2666 1729 2710 ipse

922 2716 984 2759 Ap.
1013 2715 1033 2748 l.
1056 2727 1082 2748 c.
1135 2713 1158 2771 ἦ
1184 2713 1225 2748 δὲ
1249 2713 1399 2748 διάνοια
1425 2709 1568 2752 ου’τως,
1599 2712 1728 2768 inquit.

921 2759 1077 2801 ἓστωτος
1107 2773 1173 2817 μεν
1203 2759 1315 2794 καλὸν
1339 2757 1506 2799 ἀκούειν,
1541 2754 1631 2792 οὐδὲ
1655 2757 1726 2793 ἐοι-

918 2805 985 2847 κός
1009 2807 1104 2842 ἐστιν
1128 2804 1350 2850 ὑποκρούειν
1374 2804 1440 2839 τὸν
1463 2805 1623 2848 λέγοντα.
1663 2817 1727 2847 χη-

917 2852 1027 2888 λεπόν
1039 2852 1118 2910 γάρ
1150 2853 1225 2888 ἐστι
1248 2853 1308 2887 καὶ
1343 2853 1394 2897 τῷ
1428 2849 1642 2894 ἐπιστήμονι
1666 2849 1725 2885 λό-

915 2912 991 2943 γων
1028 2897 1316 2953 ὑποκρουομένῳ
1352 2887 1415 2933 διά
1451 2896 1519 2931 τὸν
1553 2895 1724 2942 θόρυβον

915 2945 1040 2989 λέγειν.
1083 2944 1242 3001 ανδρῶν
1266 2943 1336 2989 γάρ
1373 2944 1410 2979 ἐν
1441 2940 1570 2987 ὁμάδῳ
1602 2944 1723 2989 πολλῷ

68 2987 242 3032 ξ’,145.,
275 2985 494 3034 υποείξομαι
524 2997 558 3025 et
591 2987 790 3034 υπείξομαι
814 2989 867 3035 ψ’,
912 2993 992 3032 πῶς
1011 2990 1059 3027 ἄν
1075 3005 1131 3032 τις
1149 2989 1339 3027 ἀκούσειεν
1359 2987 1384 3035 ἢ
1403 2990 1512 3031 εἴποι,
1536 2988 1720 3033 ύποκρου-

1819 3104 1847 3277 ἒξ
1827 2449 1847 3077 “Q-*Am*—
