<?xml version="1.0" encoding="UTF-8"?>
<!DOCTYPE html PUBLIC "-//W3C//DTD XHTML 1.0 Transitional//EN"
    "http://www.w3.org/TR/xhtml1/DTD/xhtml1-transitional.dtd">
<html xmlns="http://www.w3.org/1999/xhtml" xml:lang="en" lang="en">
 <head>
  <title>
</title>
<meta http-equiv="Content-Type" content="text/html;charset=utf-8" />
  <meta name='ocr-system' content='tesseract 3.04.00' />
  <meta name='ocr-capabilities' content='ocr_page ocr_carea ocr_par ocr_line ocrx_word'/>
</head>
<body>
  <div class='ocr_page' id='page_1' title='image "./carmina02home/carmina02home_0351.png"; bbox 0 0 1847 3277; ppageno 0'>
   <div class='ocr_carea' id='block_1_1' title="bbox 0 0 54 1808">
    <p class='ocr_par' dir='ltr' id='par_1_1' title="bbox 0 0 54 1808">
     <span class='ocr_line' id='line_1_1' title="bbox 0 0 54 1147; baseline 0 -276"><span class='ocrx_word' id='word_1_1' title='bbox 0 307 29 1147; x_wconf 95' lang='lat' dir='ltr'><strong>   </strong></span> <span class='ocrx_word' id='word_1_2' title='bbox 26 0 54 871; x_wconf 95' lang='lat' dir='ltr'><strong>   </strong></span> <span class='ocrx_word' id='word_1_3' title='bbox 45 173 54 250; x_wconf 95' lang='lat' dir='ltr'><strong> </strong></span> 
     </span>
     <span class='ocr_line' id='line_1_2' title="bbox 0 1147 21 1808; baseline 0 1469"><span class='ocrx_word' id='word_1_4' title='bbox 0 1147 21 1808; x_wconf 95' lang='lat' dir='ltr'><strong> </strong></span> 
     </span>
    </p>
   </div>
   <div class='ocr_carea' id='block_1_2' title="bbox 38 192 45 308">
    <p class='ocr_par' dir='ltr' id='par_1_2' title="bbox 38 192 45 308">
     <span class='ocr_line' id='line_1_3' title="bbox 40 192 45 257; baseline 0 0"><span class='ocrx_word' id='word_1_5' title='bbox 40 192 45 257; x_wconf 65' lang='lat'><strong>,¹</strong></span> 
     </span>
     <span class='ocr_line' id='line_1_4' title="bbox 38 268 42 308; baseline 0 0"><span class='ocrx_word' id='word_1_6' title='bbox 38 268 42 308; x_wconf 66' lang='grc' dir='ltr'><strong>ι</strong></span> 
     </span>
    </p>
   </div>
   <div class='ocr_carea' id='block_1_3' title="bbox 26 394 38 712">
    <p class='ocr_par' dir='ltr' id='par_1_3' title="bbox 26 394 38 712">
     <span class='ocr_line' id='line_1_5' title="bbox 35 394 38 422; baseline 0 0"><span class='ocrx_word' id='word_1_7' title='bbox 35 394 38 422; x_wconf 81' lang='lat' dir='ltr'><strong>l</strong></span> 
     </span>
     <span class='ocr_line' id='line_1_6' title="bbox 32 455 36 503; baseline 0 0"><span class='ocrx_word' id='word_1_8' title='bbox 32 455 36 503; x_wconf 75' lang='lat' dir='ltr'><strong>l</strong></span> 
     </span>
     <span class='ocr_line' id='line_1_7' title="bbox 31 515 34 536; baseline 0 0"><span class='ocrx_word' id='word_1_9' title='bbox 31 515 34 536; x_wconf 74' lang='lat' dir='ltr'><strong>l</strong></span> 
     </span>
     <span class='ocr_line' id='line_1_8' title="bbox 30 555 34 571; baseline 0 0"><span class='ocrx_word' id='word_1_10' title='bbox 30 555 34 571; x_wconf 74' lang='grc' dir='ltr'><strong>ι</strong></span> 
     </span>
     <span class='ocr_line' id='line_1_9' title="bbox 26 690 30 712; baseline 0 0"><span class='ocrx_word' id='word_1_11' title='bbox 26 690 30 712; x_wconf 76' lang='lat' dir='ltr'><strong>l</strong></span> 
     </span>
    </p>
   </div>
   <div class='ocr_carea' id='block_1_4' title="bbox 15 710 851 1356">
    <p class='ocr_par' dir='ltr' id='par_1_4' title="bbox 25 710 851 802">
     <span class='ocr_line' id='line_1_10' title="bbox 25 710 851 758; baseline 0 -10"><span class='ocrx_word' id='word_1_12' title='bbox 25 714 201 756; x_wconf 72' lang='grc' dir='ltr'><em>ισιλείαν,</em></span> <span class='ocrx_word' id='word_1_13' title='bbox 234 711 352 758; x_wconf 79' lang='grc' dir='ltr'><strong><em>γήμας</em></strong></span> <span class='ocrx_word' id='word_1_14' title='bbox 370 710 567 758; x_wconf 81' lang='grc' dir='ltr'><strong><em>Ἀστυόχην</em></strong></span> <span class='ocrx_word' id='word_1_15' title='bbox 596 711 666 757; x_wconf 79' lang='grc' dir='ltr'><strong>τήν</strong></span> <span class='ocrx_word' id='word_1_16' title='bbox 689 710 851 757; x_wconf 82' lang='grc' dir='ltr'><em>Σιμόεν-</em></span> 
     </span>
     <span class='ocr_line' id='line_1_11' title="bbox 44 760 503 813; baseline -0.004 -19"><span class='ocrx_word' id='word_1_17' title='bbox 44 773 127 800; x_wconf 89' lang='grc' dir='ltr'><strong><em>τος,</em></strong></span> <span class='ocrx_word' id='word_1_18' title='bbox 149 764 271 795; x_wconf 83' lang='grc' dir='ltr'><em>τεκνοῖ</em></span> <span class='ocrx_word' id='word_1_19' title='bbox 300 760 413 813; x_wconf 78' lang='grc' dir='ltr'><strong><em>Τρῶα</em></strong></span> <span class='ocrx_word' id='word_1_20' title='bbox 435 765 503 793; x_wconf 87' lang='lat' dir='ltr'><strong>etc.</strong></span> 
     </span>
    </p>

    <p class='ocr_par' dir='ltr' id='par_1_5' title="bbox 21 801 851 988">
     <span class='ocr_line' id='line_1_12' title="bbox 89 801 851 848; baseline -0.001 -8"><span class='ocrx_word' id='word_1_21' title='bbox 89 807 166 842; x_wconf 85' lang='grc'>220.</span> <span class='ocrx_word' id='word_1_22' title='bbox 209 806 309 840; x_wconf 83' lang='lat' dir='ltr'><strong>libri:</strong></span> <span class='ocrx_word' id='word_1_23' title='bbox 348 802 396 844; x_wconf 80' lang='grc' dir='ltr'><strong><em>ὃς</em></strong></span> <span class='ocrx_word' id='word_1_24' title='bbox 432 805 489 848; x_wconf 83' lang='grc' dir='ltr'><strong>δὴ</strong></span> <span class='ocrx_word' id='word_1_25' title='bbox 521 801 851 848; x_wconf 78' lang='grc' dir='ltr'><strong><em>ἀφνειότατος</em></strong></span> 
     </span>
     <span class='ocr_line' id='line_1_13' title="bbox 21 851 850 907; baseline 0.001 -23"><span class='ocrx_word' id='word_1_26' title='bbox 21 855 111 907; x_wconf 25' lang='lat' dir='ltr'><strong>Aetc.</strong></span> <span class='ocrx_word' id='word_1_27' title='bbox 141 858 190 886; x_wconf 80' lang='lat' dir='ltr'><strong>est</strong></span> <span class='ocrx_word' id='word_1_28' title='bbox 212 853 296 886; x_wconf 85' lang='lat' dir='ltr'><strong>haec</strong></span> <span class='ocrx_word' id='word_1_29' title='bbox 328 863 422 885; x_wconf 88' lang='lat' dir='ltr'><strong>mera</strong></span> <span class='ocrx_word' id='word_1_30' title='bbox 446 851 708 896; x_wconf 78' lang='lat' dir='ltr'>interpretatio,</span> <span class='ocrx_word' id='word_1_31' title='bbox 742 862 850 896; x_wconf 87' lang='lat' dir='ltr'><strong>eaque</strong></span> 
     </span>
     <span class='ocr_line' id='line_1_14' title="bbox 43 896 849 942; baseline -0.001 -10"><span class='ocrx_word' id='word_1_32' title='bbox 43 896 219 941; x_wconf 76' lang='grc' dir='ltr'><em>ἄμετρος,</em></span> <span class='ocrx_word' id='word_1_33' title='bbox 245 898 404 942; x_wconf 78' lang='lat' dir='ltr'>antiquae</span> <span class='ocrx_word' id='word_1_34' title='bbox 425 897 640 941; x_wconf 79' lang='lat' dir='ltr'><strong>scripturae,</strong></span> <span class='ocrx_word' id='word_1_35' title='bbox 667 908 768 941; x_wconf 87' lang='lat' dir='ltr'><strong>quam</strong></span> <span class='ocrx_word' id='word_1_36' title='bbox 793 909 849 931; x_wconf 86' lang='lat' dir='ltr'><strong>re-</strong></span> 
     </span>
     <span class='ocr_line' id='line_1_15' title="bbox 41 942 802 988; baseline 0.003 -12"><span class='ocrx_word' id='word_1_37' title='bbox 41 943 149 979; x_wconf 86' lang='lat' dir='ltr'><strong>stitui.</strong></span> <span class='ocrx_word' id='word_1_38' title='bbox 175 964 211 969; x_wconf 95' lang='lat'><em>-</em></span> <span class='ocrx_word' id='word_1_39' title='bbox 245 942 351 987; x_wconf 76' lang='grc' dir='ltr'>άφν.</span> <span class='ocrx_word' id='word_1_40' title='bbox 379 942 432 988; x_wconf 85' lang='grc' dir='ltr'><strong>β’,</strong></span> <span class='ocrx_word' id='word_1_41' title='bbox 454 945 543 985; x_wconf 90' lang='grc'>570,</span> <span class='ocrx_word' id='word_1_42' title='bbox 568 942 621 985; x_wconf 77' lang='grc' dir='ltr'><strong>ξ’,</strong></span> <span class='ocrx_word' id='word_1_43' title='bbox 650 945 715 977; x_wconf 86' lang='grc'><strong>122</strong></span> <span class='ocrx_word' id='word_1_44' title='bbox 735 949 802 978; x_wconf 91' lang='lat' dir='ltr'><strong>etc.</strong></span> 
     </span>
    </p>

    <p class='ocr_par' dir='ltr' id='par_1_6' title="bbox 15 990 850 1356">
     <span class='ocr_line' id='line_1_16' title="bbox 85 990 850 1034; baseline -0.003 -10"><span class='ocrx_word' id='word_1_45' title='bbox 85 991 298 1025; x_wconf 84' lang='grc'>221-225,</span> <span class='ocrx_word' id='word_1_46' title='bbox 346 992 432 1024; x_wconf 79' lang='grc' dir='ltr'><strong>τοῦ</strong></span> <span class='ocrx_word' id='word_1_47' title='bbox 477 990 747 1034; x_wconf 78' lang='grc' dir='ltr'><em>τρισχίλιαι</em></span> <span class='ocrx_word' id='word_1_48' title='bbox 783 994 850 1024; x_wconf 88' lang='lat' dir='ltr'><strong>etc.</strong></span> 
     </span>
     <span class='ocr_line' id='line_1_17' title="bbox 38 1035 848 1080; baseline 0.001 -13"><span class='ocrx_word' id='word_1_49' title='bbox 38 1036 229 1078; x_wconf 84' lang='lat' dir='ltr'><strong>asyndeton</strong></span> <span class='ocrx_word' id='word_1_50' title='bbox 248 1035 517 1080; x_wconf 76' lang='lat' dir='ltr'><strong>epexegeticum.</strong></span> <span class='ocrx_word' id='word_1_51' title='bbox 542 1036 643 1078; x_wconf 78' lang='lat' dir='ltr'><strong>longe</strong></span> <span class='ocrx_word' id='word_1_52' title='bbox 661 1035 848 1068; x_wconf 81' lang='lat' dir='ltr'>modestius</span> 
     </span>
     <span class='ocr_line' id='line_1_18' title="bbox 15 1080 848 1126; baseline 0.002 -14"><span class='ocrx_word' id='word_1_53' title='bbox 15 1095 19 1125; x_wconf 61' lang='grc' dir='ltr'><strong>ι</strong></span> <span class='ocrx_word' id='word_1_54' title='bbox 39 1080 137 1114; x_wconf 82' lang='lat' dir='ltr'><strong>Maro</strong></span> <span class='ocrx_word' id='word_1_55' title='bbox 157 1084 240 1115; x_wconf 86' lang='lat' dir='ltr'><strong>Aen.</strong></span> <span class='ocrx_word' id='word_1_56' title='bbox 265 1084 299 1122; x_wconf 88' lang='lat'><strong>7,</strong></span> <span class='ocrx_word' id='word_1_57' title='bbox 323 1082 403 1115; x_wconf 84' lang='lat'><em>275.</em></span> <span class='ocrx_word' id='word_1_58' title='bbox 430 1081 473 1113; x_wconf 87' lang='lat' dir='ltr'><strong>de</strong></span> <span class='ocrx_word' id='word_1_59' title='bbox 497 1081 596 1126; x_wconf 82' lang='lat' dir='ltr'><strong>equis</strong></span> <span class='ocrx_word' id='word_1_60' title='bbox 614 1081 750 1113; x_wconf 85' lang='lat' dir='ltr'><strong>Latini:</strong></span> <span class='ocrx_word' id='word_1_61' title='bbox 774 1086 848 1114; x_wconf 82' lang='lat' dir='ltr'><strong>sta-</strong></span> 
     </span>
     <span class='ocr_line' id='line_1_19' title="bbox 39 1126 848 1170; baseline 0 -11"><span class='ocrx_word' id='word_1_62' title='bbox 39 1126 123 1160; x_wconf 83' lang='lat' dir='ltr'><strong>bant</strong></span> <span class='ocrx_word' id='word_1_63' title='bbox 144 1133 335 1160; x_wconf 82' lang='lat' dir='ltr'><strong>tercentum</strong></span> <span class='ocrx_word' id='word_1_64' title='bbox 360 1127 464 1160; x_wconf 70' lang='lat' dir='ltr'><strong>nitidi</strong></span> <span class='ocrx_word' id='word_1_65' title='bbox 491 1128 525 1159; x_wconf 89' lang='lat' dir='ltr'><strong>in</strong></span> <span class='ocrx_word' id='word_1_66' title='bbox 548 1128 770 1170; x_wconf 83' lang='lat' dir='ltr'><strong>praesepibus</strong></span> <span class='ocrx_word' id='word_1_67' title='bbox 794 1128 848 1159; x_wconf 88' lang='lat' dir='ltr'><strong>al—</strong></span> 
     </span>
     <span class='ocr_line' id='line_1_20' title="bbox 36 1172 847 1208; baseline -0.001 -2"><span class='ocrx_word' id='word_1_68' title='bbox 36 1174 92 1208; x_wconf 76' lang='lat' dir='ltr'><strong>tis.</strong></span> <span class='ocrx_word' id='word_1_69' title='bbox 134 1174 350 1206; x_wconf 87' lang='lat' dir='ltr'><strong>celebrantur</strong></span> <span class='ocrx_word' id='word_1_70' title='bbox 381 1173 462 1206; x_wconf 84' lang='lat' dir='ltr'><strong>item</strong></span> <span class='ocrx_word' id='word_1_71' title='bbox 495 1173 602 1206; x_wconf 76' lang='lat' dir='ltr'><strong>Trois</strong></span> <span class='ocrx_word' id='word_1_72' title='bbox 637 1179 672 1206; x_wconf 84' lang='lat' dir='ltr'><strong>et</strong></span> <span class='ocrx_word' id='word_1_73' title='bbox 703 1172 847 1205; x_wconf 89' lang='lat' dir='ltr'><strong>Laome-</strong></span> 
     </span>
     <span class='ocr_line' id='line_1_21' title="bbox 37 1218 846 1263; baseline 0 -12"><span class='ocrx_word' id='word_1_74' title='bbox 37 1218 150 1252; x_wconf 83' lang='lat' dir='ltr'><strong>dontis</strong></span> <span class='ocrx_word' id='word_1_75' title='bbox 185 1221 262 1263; x_wconf 87' lang='lat' dir='ltr'><strong>equi</strong></span> <span class='ocrx_word' id='word_1_76' title='bbox 300 1221 352 1262; x_wconf 91' lang='lat' dir='ltr'><strong>(v.</strong></span> <span class='ocrx_word' id='word_1_77' title='bbox 378 1230 454 1252; x_wconf 89' lang='lat' dir='ltr'><strong>ann.</strong></span> <span class='ocrx_word' id='word_1_78' title='bbox 487 1219 530 1251; x_wconf 89' lang='lat' dir='ltr'><strong>ad</strong></span> <span class='ocrx_word' id='word_1_79' title='bbox 565 1219 663 1262; x_wconf 83' lang='lat'>145.)</span> <span class='ocrx_word' id='word_1_80' title='bbox 678 1243 688 1261; x_wconf 92' lang='lat'>,</span> <span class='ocrx_word' id='word_1_81' title='bbox 724 1224 846 1262; x_wconf 79' lang='lat' dir='ltr'><strong>estque</strong></span> 
     </span>
     <span class='ocr_line' id='line_1_22' title="bbox 35 1264 846 1308; baseline 0.002 -13"><span class='ocrx_word' id='word_1_82' title='bbox 35 1264 126 1297; x_wconf 85' lang='lat' dir='ltr'><strong>veris</strong></span> <span class='ocrx_word' id='word_1_83' title='bbox 130 1265 236 1308; x_wconf 88' lang='lat' dir='ltr'><strong>imile,</strong></span> <span class='ocrx_word' id='word_1_84' title='bbox 274 1264 467 1298; x_wconf 86' lang='lat' dir='ltr'><strong>commercii</strong></span> <span class='ocrx_word' id='word_1_85' title='bbox 490 1265 636 1308; x_wconf 86' lang='lat' dir='ltr'><strong>Trojani</strong></span> <span class='ocrx_word' id='word_1_86' title='bbox 669 1276 735 1298; x_wconf 94' lang='lat' dir='ltr'><strong>non</strong></span> <span class='ocrx_word' id='word_1_87' title='bbox 768 1264 846 1297; x_wconf 86' lang='lat' dir='ltr'><strong>infi-</strong></span> 
     </span>
     <span class='ocr_line' id='line_1_23' title="bbox 34 1311 846 1356; baseline 0.001 -13"><span class='ocrx_word' id='word_1_88' title='bbox 34 1321 120 1344; x_wconf 86' lang='lat' dir='ltr'><strong>mam</strong></span> <span class='ocrx_word' id='word_1_89' title='bbox 151 1311 208 1343; x_wconf 90' lang='lat' dir='ltr'><strong>illo</strong></span> <span class='ocrx_word' id='word_1_90' title='bbox 243 1317 398 1356; x_wconf 91' lang='lat' dir='ltr'><strong>tempore</strong></span> <span class='ocrx_word' id='word_1_91' title='bbox 433 1315 562 1354; x_wconf 84' lang='lat' dir='ltr'><strong>partem</strong></span> <span class='ocrx_word' id='word_1_92' title='bbox 587 1311 694 1344; x_wconf 86' lang='lat' dir='ltr'><strong>fuisse</strong></span> <span class='ocrx_word' id='word_1_93' title='bbox 726 1322 846 1354; x_wconf 89' lang='lat' dir='ltr'><strong>equos.</strong></span> 
     </span>
    </p>
   </div>
   <div class='ocr_carea' id='block_1_5' title="bbox 31 1354 847 1447">
    <p class='ocr_par' dir='ltr' id='par_1_7' title="bbox 31 1354 847 1447">
     <span class='ocr_line' id='line_1_24' title="bbox 31 1354 847 1398; baseline -0.001 -8"><span class='ocrx_word' id='word_1_94' title='bbox 31 1367 65 1389; x_wconf 85' lang='lat' dir='ltr'><strong>v.</strong></span> <span class='ocrx_word' id='word_1_95' title='bbox 92 1354 138 1397; x_wconf 87' lang='grc' dir='ltr'>ε’,</span> <span class='ocrx_word' id='word_1_96' title='bbox 162 1358 254 1397; x_wconf 88' lang='grc'>551,</span> <span class='ocrx_word' id='word_1_97' title='bbox 284 1357 333 1397; x_wconf 89' lang='grc' dir='ltr'>σ’,</span> <span class='ocrx_word' id='word_1_98' title='bbox 358 1358 425 1392; x_wconf 87' lang='grc'>289</span> <span class='ocrx_word' id='word_1_99' title='bbox 463 1376 508 1381; x_wconf 89' lang='grc'>-</span> <span class='ocrx_word' id='word_1_100' title='bbox 542 1355 687 1398; x_wconf 79' lang='grc' dir='ltr'><strong><em>ελος</em></strong></span> <span class='ocrx_word' id='word_1_101' title='bbox 710 1370 847 1390; x_wconf 84' lang='grc' dir='ltr'><strong><em>κατα.</em></strong></span> 
     </span>
     <span class='ocr_line' id='line_1_25' title="bbox 32 1401 846 1447; baseline 0.001 -12"><span class='ocrx_word' id='word_1_102' title='bbox 32 1414 139 1447; x_wconf 88' lang='lat' dir='ltr'><strong>equos</strong></span> <span class='ocrx_word' id='word_1_103' title='bbox 174 1414 287 1436; x_wconf 84' lang='lat' dir='ltr'><strong>amare</strong></span> <span class='ocrx_word' id='word_1_104' title='bbox 321 1403 416 1447; x_wconf 84' lang='lat' dir='ltr'><strong>palus</strong></span> <span class='ocrx_word' id='word_1_105' title='bbox 419 1401 507 1443; x_wconf 80' lang='lat' dir='ltr'><strong>tria,</strong></span> <span class='ocrx_word' id='word_1_106' title='bbox 552 1402 654 1436; x_wconf 84' lang='lat' dir='ltr'><strong>docet</strong></span> <span class='ocrx_word' id='word_1_107' title='bbox 687 1403 846 1436; x_wconf 83' lang='lat' dir='ltr'><strong>Aelianus</strong></span> 
     </span>
    </p>
   </div>
   <div class='ocr_carea' id='block_1_6' title="bbox 16 1448 840 2735">
    <p class='ocr_par' dir='ltr' id='par_1_8' title="bbox 16 1448 840 2507">
     <span class='ocr_line' id='line_1_26' title="bbox 30 1448 840 1505; baseline -0.002 -23"><span class='ocrx_word' id='word_1_108' title='bbox 30 1449 75 1482; x_wconf 90' lang='lat' dir='ltr'><strong>H.</strong></span> <span class='ocrx_word' id='word_1_109' title='bbox 97 1450 135 1481; x_wconf 86' lang='lat' dir='ltr'><strong>A.</strong></span> <span class='ocrx_word' id='word_1_110' title='bbox 152 1448 186 1489; x_wconf 97' lang='lat'><strong>4,</strong></span> <span class='ocrx_word' id='word_1_111' title='bbox 206 1451 236 1483; x_wconf 89' lang='grc'><strong>6.</strong></span> <span class='ocrx_word' id='word_1_112' title='bbox 252 1468 297 1473; x_wconf 92' lang='lat'><strong>-—</strong></span> <span class='ocrx_word' id='word_1_113' title='bbox 322 1448 649 1505; x_wconf 80' lang='grc' dir='ltr'><strong><em>βουκολέοντο</em></strong></span> <span class='ocrx_word' id='word_1_114' title='bbox 667 1450 709 1482; x_wconf 90' lang='lat' dir='ltr'><strong>de</strong></span> <span class='ocrx_word' id='word_1_115' title='bbox 732 1448 840 1494; x_wconf 87' lang='lat' dir='ltr'><strong>equis,</strong></span> 
     </span>
     <span class='ocr_line' id='line_1_27' title="bbox 31 1493 839 1540; baseline -0.001 -12"><span class='ocrx_word' id='word_1_116' title='bbox 31 1498 71 1528; x_wconf 84' lang='lat' dir='ltr'><strong>ut</strong></span> <span class='ocrx_word' id='word_1_117' title='bbox 83 1494 350 1539; x_wconf 71' lang='grc' dir='ltr'><strong>ἱπποβουκόλοι</strong></span> <span class='ocrx_word' id='word_1_118' title='bbox 368 1493 499 1536; x_wconf 75' lang='grc' dir='ltr'><strong><em>ἄνδρες</em></strong></span> <span class='ocrx_word' id='word_1_119' title='bbox 509 1507 561 1537; x_wconf 86' lang='lat' dir='ltr'><strong>ap.</strong></span> <span class='ocrx_word' id='word_1_120' title='bbox 575 1496 698 1540; x_wconf 85' lang='lat' dir='ltr'><strong>Eurip.</strong></span> <span class='ocrx_word' id='word_1_121' title='bbox 710 1495 839 1528; x_wconf 89' lang='lat' dir='ltr'><strong>Phoen.</strong></span> 
     </span>
     <span class='ocr_line' id='line_1_28' title="bbox 32 1541 837 1581; baseline -0.001 -7"><span class='ocrx_word' id='word_1_122' title='bbox 32 1542 110 1581; x_wconf 62' lang='lat'><strong>28„</strong></span> <span class='ocrx_word' id='word_1_123' title='bbox 129 1542 187 1574; x_wconf 90' lang='lat' dir='ltr'><strong>ubi</strong></span> <span class='ocrx_word' id='word_1_124' title='bbox 208 1553 239 1574; x_wconf 93' lang='lat' dir='ltr'><strong>v.</strong></span> <span class='ocrx_word' id='word_1_125' title='bbox 254 1542 368 1576; x_wconf 88' lang='lat' dir='ltr'><strong>Schol.</strong></span> <span class='ocrx_word' id='word_1_126' title='bbox 390 1548 425 1575; x_wconf 82' lang='lat' dir='ltr'><strong>et</strong></span> <span class='ocrx_word' id='word_1_127' title='bbox 446 1541 561 1574; x_wconf 87' lang='lat' dir='ltr'><strong>Valck.</strong></span> <span class='ocrx_word' id='word_1_128' title='bbox 588 1543 634 1574; x_wconf 85' lang='lat' dir='ltr'><strong>cf.</strong></span> <span class='ocrx_word' id='word_1_129' title='bbox 655 1542 694 1574; x_wconf 74' lang='lat' dir='ltr'><strong>E.</strong></span> <span class='ocrx_word' id='word_1_130' title='bbox 717 1542 837 1574; x_wconf 90' lang='lat' dir='ltr'><strong>eodem</strong></span> 
     </span>
     <span class='ocr_line' id='line_1_29' title="bbox 30 1585 837 1631; baseline 0.002 -12"><span class='ocrx_word' id='word_1_131' title='bbox 30 1587 126 1620; x_wconf 85' lang='lat' dir='ltr'><strong>modo</strong></span> <span class='ocrx_word' id='word_1_132' title='bbox 150 1593 270 1621; x_wconf 82' lang='lat' dir='ltr'><strong>nectar</strong></span> <span class='ocrx_word' id='word_1_133' title='bbox 295 1588 546 1631; x_wconf 82' lang='grc' dir='ltr'><strong><em>οἰνοχοεῑσθαι</em></strong></span> <span class='ocrx_word' id='word_1_134' title='bbox 563 1587 689 1620; x_wconf 89' lang='lat' dir='ltr'><strong>dicitur</strong></span> <span class='ocrx_word' id='word_1_135' title='bbox 713 1585 758 1627; x_wconf 86' lang='grc' dir='ltr'>δ’,</span> <span class='ocrx_word' id='word_1_136' title='bbox 775 1587 837 1621; x_wconf 85' lang='lat'><strong>3.“</strong></span> 
     </span>
     <span class='ocr_line' id='line_1_30' title="bbox 30 1632 837 1688; baseline 0.001 -22"><span class='ocrx_word' id='word_1_137' title='bbox 30 1634 83 1666; x_wconf 71' lang='lat' dir='ltr'><strong>Ex</strong></span> <span class='ocrx_word' id='word_1_138' title='bbox 100 1633 146 1666; x_wconf 84' lang='lat' dir='ltr'><em>H.</em></span> <span class='ocrx_word' id='word_1_139' title='bbox 171 1633 248 1667; x_wconf 88' lang='lat' dir='ltr'><strong>hinc</strong></span> <span class='ocrx_word' id='word_1_140' title='bbox 265 1632 531 1688; x_wconf 70' lang='grc' dir='ltr'><strong><em>βοσκομενάων</em></strong></span> <span class='ocrx_word' id='word_1_141' title='bbox 544 1635 622 1668; x_wconf 85' lang='grc'>223.</span> <span class='ocrx_word' id='word_1_142' title='bbox 634 1652 679 1658; x_wconf 85' lang='grc'>-</span> <span class='ocrx_word' id='word_1_143' title='bbox 703 1633 837 1677; x_wconf 72' lang='grc' dir='ltr'><strong><em>ἄγαλ-</em></strong></span> 
     </span>
     <span class='ocr_line' id='line_1_31' title="bbox 30 1678 837 1723; baseline -0.001 -10"><span class='ocrx_word' id='word_1_144' title='bbox 30 1681 239 1722; x_wconf 83' lang='grc' dir='ltr'><strong><em>λομεναι.</em></strong></span> <span class='ocrx_word' id='word_1_145' title='bbox 282 1679 337 1722; x_wconf 78' lang='grc' dir='ltr'><strong>β’,</strong></span> <span class='ocrx_word' id='word_1_146' title='bbox 368 1681 456 1721; x_wconf 88' lang='grc'>462,</span> <span class='ocrx_word' id='word_1_147' title='bbox 496 1678 553 1723; x_wconf 85' lang='grc' dir='ltr'>μ’,</span> <span class='ocrx_word' id='word_1_148' title='bbox 589 1678 655 1715; x_wconf 85' lang='grc'><strong>114</strong></span> <span class='ocrx_word' id='word_1_149' title='bbox 685 1686 752 1713; x_wconf 87' lang='lat' dir='ltr'><strong>etc.</strong></span> <span class='ocrx_word' id='word_1_150' title='bbox 794 1697 837 1704; x_wconf 86' lang='lat'><strong>·-</strong></span> 
     </span>
     <span class='ocr_line' id='line_1_32' title="bbox 29 1723 838 1772; baseline 0.001 -14"><span class='ocrx_word' id='word_1_151' title='bbox 29 1725 132 1759; x_wconf 80' lang='lat' dir='ltr'><strong>Sch.=</strong></span> <span class='ocrx_word' id='word_1_152' title='bbox 161 1726 303 1772; x_wconf 83' lang='grc' dir='ltr'><strong><em>άταλῇ</em></strong></span> <span class='ocrx_word' id='word_1_153' title='bbox 315 1737 369 1761; x_wconf 93' lang='grc' dir='ltr'><strong>σι.</strong></span> <span class='ocrx_word' id='word_1_154' title='bbox 395 1724 458 1770; x_wconf 86' lang='grc' dir='ltr'>(σ’,</span> <span class='ocrx_word' id='word_1_155' title='bbox 478 1727 545 1761; x_wconf 88' lang='grc'><strong>567</strong></span> <span class='ocrx_word' id='word_1_156' title='bbox 558 1726 644 1769; x_wconf 88' lang='lat' dir='ltr'><strong>etc.)</strong></span> <span class='ocrx_word' id='word_1_157' title='bbox 666 1723 838 1767; x_wconf 76' lang='grc' dir='ltr'><strong><em>ἁπαλαῖς,</em></strong></span> 
     </span>
     <span class='ocr_line' id='line_1_33' title="bbox 30 1771 839 1817; baseline 0 -11"><span class='ocrx_word' id='word_1_158' title='bbox 30 1771 140 1811; x_wconf 88' lang='grc' dir='ltr'><strong><em>νέαις.</em></strong></span> <span class='ocrx_word' id='word_1_159' title='bbox 188 1785 240 1807; x_wconf 91' lang='grc' dir='ltr'><strong>κυ</strong></span> <span class='ocrx_word' id='word_1_160' title='bbox 250 1786 273 1806; x_wconf 93' lang='grc' dir='ltr'><strong>α</strong></span> <span class='ocrx_word' id='word_1_161' title='bbox 283 1787 303 1806; x_wconf 90' lang='grc' dir='ltr'><strong><em>ν</em></strong></span> <span class='ocrx_word' id='word_1_162' title='bbox 316 1786 334 1807; x_wconf 93' lang='grc' dir='ltr'><strong><em>ο</em></strong></span> <span class='ocrx_word' id='word_1_163' title='bbox 346 1786 365 1817; x_wconf 84' lang='grc' dir='ltr'><em>χ</em></span> <span class='ocrx_word' id='word_1_164' title='bbox 377 1786 401 1806; x_wconf 88' lang='grc' dir='ltr'><strong>α</strong></span> <span class='ocrx_word' id='word_1_165' title='bbox 411 1776 423 1807; x_wconf 88' lang='grc' dir='ltr'><strong><em>ί</em></strong></span> <span class='ocrx_word' id='word_1_166' title='bbox 434 1786 453 1806; x_wconf 93' lang='grc' dir='ltr'><strong>τ</strong></span> <span class='ocrx_word' id='word_1_167' title='bbox 463 1786 496 1817; x_wconf 84' lang='grc' dir='ltr'><strong>ῃ.</strong></span> <span class='ocrx_word' id='word_1_168' title='bbox 521 1773 696 1816; x_wconf 82' lang='grc' dir='ltr'><strong><em>μελαίνας</em></strong></span> <span class='ocrx_word' id='word_1_169' title='bbox 716 1773 839 1816; x_wconf 79' lang='grc' dir='ltr'><em>τρίχας</em></span> 
     </span>
     <span class='ocr_line' id='line_1_34' title="bbox 30 1816 838 1863; baseline -0.003 -10"><span class='ocrx_word' id='word_1_170' title='bbox 30 1816 160 1862; x_wconf 70' lang='grc' dir='ltr'><em>ἔχοντι.</em></span> <span class='ocrx_word' id='word_1_171' title='bbox 186 1820 289 1861; x_wconf 88' lang='lat' dir='ltr'><strong>(alias</strong></span> <span class='ocrx_word' id='word_1_172' title='bbox 309 1821 373 1853; x_wconf 88' lang='lat' dir='ltr'><strong>hoc</strong></span> <span class='ocrx_word' id='word_1_173' title='bbox 393 1819 546 1863; x_wconf 81' lang='lat' dir='ltr'><strong>Neptuni</strong></span> <span class='ocrx_word' id='word_1_174' title='bbox 569 1824 620 1851; x_wconf 87' lang='lat' dir='ltr'><strong>est</strong></span> <span class='ocrx_word' id='word_1_175' title='bbox 640 1819 838 1862; x_wconf 86' lang='lat' dir='ltr'><strong>epitheton·</strong></span> 
     </span>
     <span class='ocr_line' id='line_1_35' title="bbox 31 1864 838 1920; baseline 0 -23"><span class='ocrx_word' id='word_1_176' title='bbox 31 1875 64 1897; x_wconf 84' lang='lat' dir='ltr'><strong>v.</strong></span> <span class='ocrx_word' id='word_1_177' title='bbox 88 1864 120 1898; x_wconf 86' lang='grc' dir='ltr'><strong>ν’</strong></span> <span class='ocrx_word' id='word_1_178' title='bbox 133 1865 233 1904; x_wconf 89' lang='grc'>,563</span> <span class='ocrx_word' id='word_1_179' title='bbox 254 1871 341 1906; x_wconf 88' lang='lat' dir='ltr'><strong>etc.,</strong></span> <span class='ocrx_word' id='word_1_180' title='bbox 366 1865 410 1898; x_wconf 92' lang='lat' dir='ltr'><strong>de</strong></span> <span class='ocrx_word' id='word_1_181' title='bbox 433 1865 558 1920; x_wconf 81' lang='grc' dir='ltr'><strong><em>κυάνῳ</em></strong></span> <span class='ocrx_word' id='word_1_182' title='bbox 583 1871 692 1897; x_wconf 86' lang='lat' dir='ltr'><strong>autem</strong></span> <span class='ocrx_word' id='word_1_183' title='bbox 718 1864 760 1906; x_wconf 91' lang='grc' dir='ltr'>λ’,</span> <span class='ocrx_word' id='word_1_184' title='bbox 780 1864 838 1905; x_wconf 86' lang='lat'>24,</span> 
     </span>
     <span class='ocr_line' id='line_1_36' title="bbox 30 1890 839 1963; baseline -0.001 -18"><span class='ocrx_word' id='word_1_185' title='bbox 30 1910 77 1951; x_wconf 79' lang='grc' dir='ltr'>δ’,</span> <span class='ocrx_word' id='word_1_186' title='bbox 98 1911 198 1954; x_wconf 87' lang='lat'><em>282.)</em></span> <span class='ocrx_word' id='word_1_187' title='bbox 244 1908 656 1953; x_wconf 86' lang='grc' dir='ltr'><strong><em>υποκυσσάμεναι</em></strong></span> <span class='ocrx_word' id='word_1_188' title='bbox 681 1908 741 1953; x_wconf 82' lang='grc' dir='ltr'>(ζ’,</span> <span class='ocrx_word' id='word_1_189' title='bbox 750 1890 839 1963; x_wconf 58' lang='lat'>³:26)</span> 
     </span>
     <span class='ocr_line' id='line_1_37' title="bbox 28 1955 837 2001; baseline -0.002 -11"><span class='ocrx_word' id='word_1_190' title='bbox 28 1970 155 2001; x_wconf 65' lang='lat' dir='ltr'><strong>synam</strong></span> <span class='ocrx_word' id='word_1_191' title='bbox 175 1956 380 2001; x_wconf 65' lang='grc' dir='ltr'><strong><em>γενόμεναι.</em></strong></span> <span class='ocrx_word' id='word_1_192' title='bbox 411 1957 455 1990; x_wconf 90' lang='lat' dir='ltr'><strong>de</strong></span> <span class='ocrx_word' id='word_1_193' title='bbox 480 1957 576 2001; x_wconf 89' lang='lat' dir='ltr'><strong>equis</strong></span> <span class='ocrx_word' id='word_1_194' title='bbox 596 1960 696 1989; x_wconf 87' lang='lat' dir='ltr'><strong>vento</strong></span> <span class='ocrx_word' id='word_1_195' title='bbox 721 1955 837 2000; x_wconf 86' lang='lat' dir='ltr'><strong>gravi-</strong></span> 
     </span>
     <span class='ocr_line' id='line_1_38' title="bbox 28 2003 836 2047; baseline 0 -11"><span class='ocrx_word' id='word_1_196' title='bbox 28 2004 84 2037; x_wconf 82' lang='lat' dir='ltr'><strong>dis</strong></span> <span class='ocrx_word' id='word_1_197' title='bbox 108 2010 246 2047; x_wconf 83' lang='lat' dir='ltr'><strong>praeter</strong></span> <span class='ocrx_word' id='word_1_198' title='bbox 261 2003 438 2047; x_wconf 84' lang='lat' dir='ltr'><strong>Virgilium</strong></span> <span class='ocrx_word' id='word_1_199' title='bbox 457 2004 588 2046; x_wconf 83' lang='lat' dir='ltr'><strong>Georg.</strong></span> <span class='ocrx_word' id='word_1_200' title='bbox 608 2004 642 2044; x_wconf 87' lang='lat'><strong>3,</strong></span> <span class='ocrx_word' id='word_1_201' title='bbox 662 2004 741 2043; x_wconf 86' lang='grc'>274,</span> <span class='ocrx_word' id='word_1_202' title='bbox 756 2003 836 2037; x_wconf 89' lang='grc'>275.</span> 
     </span>
     <span class='ocr_line' id='line_1_39' title="bbox 27 2048 837 2089; baseline -0.004 -6"><span class='ocrx_word' id='word_1_203' title='bbox 27 2050 246 2083; x_wconf 81' lang='lat' dir='ltr'><strong>tradiderunt.</strong></span> <span class='ocrx_word' id='word_1_204' title='bbox 270 2051 383 2082; x_wconf 81' lang='lat' dir='ltr'><strong>Varro</strong></span> <span class='ocrx_word' id='word_1_205' title='bbox 410 2050 450 2082; x_wconf 84' lang='lat' dir='ltr'><strong>R.</strong></span> <span class='ocrx_word' id='word_1_206' title='bbox 477 2049 519 2082; x_wconf 83' lang='lat' dir='ltr'><strong>R.</strong></span> <span class='ocrx_word' id='word_1_207' title='bbox 545 2051 590 2089; x_wconf 87' lang='grc'><strong>2,</strong></span> <span class='ocrx_word' id='word_1_208' title='bbox 618 2053 669 2089; x_wconf 87' lang='grc'><strong>1.,</strong></span> <span class='ocrx_word' id='word_1_209' title='bbox 706 2048 837 2083; x_wconf 90' lang='lat' dir='ltr'><strong>Colum.</strong></span> 
     </span>
     <span class='ocr_line' id='line_1_40' title="bbox 28 2093 834 2137; baseline -0.005 -7"><span class='ocrx_word' id='word_1_210' title='bbox 28 2097 72 2135; x_wconf 92' lang='lat'>6,</span> <span class='ocrx_word' id='word_1_211' title='bbox 97 2096 177 2134; x_wconf 77' lang='grc'>27..</span> <span class='ocrx_word' id='word_1_212' title='bbox 206 2096 290 2129; x_wconf 89' lang='lat' dir='ltr'><strong>Plin.</strong></span> <span class='ocrx_word' id='word_1_213' title='bbox 312 2096 356 2129; x_wconf 90' lang='lat' dir='ltr'><strong>H.</strong></span> <span class='ocrx_word' id='word_1_214' title='bbox 379 2095 427 2129; x_wconf 91' lang='lat' dir='ltr'><strong>N.</strong></span> <span class='ocrx_word' id='word_1_215' title='bbox 452 2097 486 2137; x_wconf 92' lang='lat'>8,</span> <span class='ocrx_word' id='word_1_216' title='bbox 511 2095 568 2129; x_wconf 83' lang='lat'><strong>42.</strong></span> <span class='ocrx_word' id='word_1_217' title='bbox 595 2100 680 2127; x_wconf 85' lang='lat' dir='ltr'><strong>extr.</strong></span> <span class='ocrx_word' id='word_1_218' title='bbox 710 2100 744 2127; x_wconf 88' lang='lat' dir='ltr'><strong>et</strong></span> <span class='ocrx_word' id='word_1_219' title='bbox 765 2093 834 2127; x_wconf 89' lang='lat' dir='ltr'><strong>alii.</strong></span> 
     </span>
     <span class='ocr_line' id='line_1_41' title="bbox 26 2139 834 2182; baseline -0.002 -8"><span class='ocrx_word' id='word_1_220' title='bbox 26 2142 139 2175; x_wconf 77' lang='lat' dir='ltr'><strong>sobrie</strong></span> <span class='ocrx_word' id='word_1_221' title='bbox 153 2142 304 2175; x_wconf 81' lang='lat' dir='ltr'><strong>Justinus</strong></span> <span class='ocrx_word' id='word_1_222' title='bbox 316 2142 374 2182; x_wconf 86' lang='grc'><strong>44,</strong></span> <span class='ocrx_word' id='word_1_223' title='bbox 395 2143 441 2182; x_wconf 88' lang='grc'><strong>3.,</strong></span> <span class='ocrx_word' id='word_1_224' title='bbox 459 2146 646 2175; x_wconf 83' lang='lat' dir='ltr'><strong>annotante</strong></span> <span class='ocrx_word' id='word_1_225' title='bbox 659 2139 834 2173; x_wconf 85' lang='lat' dir='ltr'><strong>Harduino</strong></span> 
     </span>
     <span class='ocr_line' id='line_1_42' title="bbox 27 2187 834 2230; baseline 0 -11"><span class='ocrx_word' id='word_1_226' title='bbox 27 2187 72 2220; x_wconf 88' lang='lat' dir='ltr'><strong>ad</strong></span> <span class='ocrx_word' id='word_1_227' title='bbox 93 2187 114 2220; x_wconf 91' lang='grc' dir='ltr'>Ι.</span> <span class='ocrx_word' id='word_1_228' title='bbox 135 2199 164 2220; x_wconf 89' lang='lat' dir='ltr'><strong>c.</strong></span> <span class='ocrx_word' id='word_1_229' title='bbox 184 2188 304 2221; x_wconf 81' lang='lat' dir='ltr'><strong>Plinii:</strong></span> <span class='ocrx_word' id='word_1_230' title='bbox 329 2189 365 2220; x_wconf 87' lang='grc' dir='ltr'><strong>ἰπ</strong></span> <span class='ocrx_word' id='word_1_231' title='bbox 379 2188 554 2220; x_wconf 79' lang='lat' dir='ltr'><strong>Lusitanis</strong></span> <span class='ocrx_word' id='word_1_232' title='bbox 563 2188 669 2229; x_wconf 75' lang='lat' dir='ltr'><strong>juxta</strong></span> <span class='ocrx_word' id='word_1_233' title='bbox 684 2187 834 2230; x_wconf 83' lang='lat' dir='ltr'><strong>fluvium</strong></span> 
     </span>
     <span class='ocr_line' id='line_1_43' title="bbox 30 2233 836 2278; baseline -0.001 -13"><span class='ocrx_word' id='word_1_234' title='bbox 30 2233 167 2277; x_wconf 82' lang='lat' dir='ltr'><strong>Tagum</strong></span> <span class='ocrx_word' id='word_1_235' title='bbox 184 2240 284 2267; x_wconf 82' lang='lat' dir='ltr'><strong>vento</strong></span> <span class='ocrx_word' id='word_1_236' title='bbox 295 2245 399 2278; x_wconf 82' lang='lat' dir='ltr'><strong>equas</strong></span> <span class='ocrx_word' id='word_1_237' title='bbox 408 2235 583 2277; x_wconf 71' lang='lat' dir='ltr'><strong>concipere</strong></span> <span class='ocrx_word' id='word_1_238' title='bbox 599 2235 698 2266; x_wconf 82' lang='lat' dir='ltr'><strong>multi</strong></span> <span class='ocrx_word' id='word_1_239' title='bbox 716 2237 836 2265; x_wconf 82' lang='lat' dir='ltr'><strong>aucto-</strong></span> 
     </span>
     <span class='ocr_line' id='line_1_44' title="bbox 25 2280 834 2324; baseline 0 -13"><span class='ocrx_word' id='word_1_240' title='bbox 25 2290 80 2312; x_wconf 88' lang='lat' dir='ltr'><strong>res</strong></span> <span class='ocrx_word' id='word_1_241' title='bbox 101 2280 306 2322; x_wconf 83' lang='lat' dir='ltr'><strong>prodidere;</strong></span> <span class='ocrx_word' id='word_1_242' title='bbox 331 2291 420 2324; x_wconf 81' lang='lat' dir='ltr'><strong>quae</strong></span> <span class='ocrx_word' id='word_1_243' title='bbox 436 2281 585 2322; x_wconf 78' lang='lat' dir='ltr'><strong>subulae</strong></span> <span class='ocrx_word' id='word_1_244' title='bbox 608 2291 649 2312; x_wconf 74' lang='lat' dir='ltr'><strong>ez·</strong></span> <span class='ocrx_word' id='word_1_245' title='bbox 669 2290 834 2322; x_wconf 79' lang='lat' dir='ltr'><strong>equarum</strong></span> 
     </span>
     <span class='ocr_line' id='line_1_45' title="bbox 16 2326 834 2370; baseline 0.002 -13"><span class='ocrx_word' id='word_1_246' title='bbox 16 2326 237 2368; x_wconf 79' lang='lat' dir='ltr'><strong>fecunditate</strong></span> <span class='ocrx_word' id='word_1_247' title='bbox 261 2331 293 2359; x_wconf 80' lang='lat' dir='ltr'><strong>et</strong></span> <span class='ocrx_word' id='word_1_248' title='bbox 316 2337 465 2370; x_wconf 80' lang='lat' dir='ltr'><strong>gregum</strong></span> <span class='ocrx_word' id='word_1_249' title='bbox 485 2326 704 2360; x_wconf 79' lang='lat' dir='ltr'><strong>multitudine</strong></span> <span class='ocrx_word' id='word_1_250' title='bbox 727 2330 834 2359; x_wconf 82' lang='lat' dir='ltr'><strong>natae</strong></span> 
     </span>
     <span class='ocr_line' id='line_1_46' title="bbox 25 2371 832 2415; baseline 0.001 -12"><span class='ocrx_word' id='word_1_251' title='bbox 25 2375 116 2412; x_wconf 82' lang='lat' dir='ltr'><strong>sunt,</strong></span> <span class='ocrx_word' id='word_1_252' title='bbox 139 2373 199 2415; x_wconf 82' lang='lat' dir='ltr'><strong>qui</strong></span> <span class='ocrx_word' id='word_1_253' title='bbox 216 2372 307 2405; x_wconf 81' lang='lat' dir='ltr'><strong>tanti</strong></span> <span class='ocrx_word' id='word_1_254' title='bbox 324 2372 362 2404; x_wconf 85' lang='lat' dir='ltr'><strong>in</strong></span> <span class='ocrx_word' id='word_1_255' title='bbox 383 2373 566 2405; x_wconf 83' lang='lat' dir='ltr'><strong>Gallaecia</strong></span> <span class='ocrx_word' id='word_1_256' title='bbox 587 2377 620 2405; x_wconf 80' lang='lat' dir='ltr'><strong>et</strong></span> <span class='ocrx_word' id='word_1_257' title='bbox 634 2371 832 2413; x_wconf 80' lang='lat' dir='ltr'><strong>Lusitania,</strong></span> 
     </span>
     <span class='ocr_line' id='line_1_47' title="bbox 24 2418 831 2460; baseline 0.001 -11"><span class='ocrx_word' id='word_1_258' title='bbox 24 2428 67 2450; x_wconf 88' lang='lat' dir='ltr'><strong>ac</strong></span> <span class='ocrx_word' id='word_1_259' title='bbox 90 2421 163 2450; x_wconf 85' lang='lat' dir='ltr'><strong>tam</strong></span> <span class='ocrx_word' id='word_1_260' title='bbox 187 2418 360 2460; x_wconf 84' lang='lat' dir='ltr'><strong>pernices,</strong></span> <span class='ocrx_word' id='word_1_261' title='bbox 383 2419 561 2460; x_wconf 84' lang='lat' dir='ltr'><strong>visuntur,</strong></span> <span class='ocrx_word' id='word_1_262' title='bbox 594 2422 634 2451; x_wconf 82' lang='lat' dir='ltr'><strong>ut</strong></span> <span class='ocrx_word' id='word_1_263' title='bbox 665 2429 734 2450; x_wconf 83' lang='lat' dir='ltr'><strong>non</strong></span> <span class='ocrx_word' id='word_1_264' title='bbox 765 2418 831 2451; x_wconf 89' lang='lat' dir='ltr'><strong>im-</strong></span> 
     </span>
     <span class='ocr_line' id='line_1_48' title="bbox 20 2464 754 2507; baseline 0.001 -12"><span class='ocrx_word' id='word_1_265' title='bbox 20 2464 143 2496; x_wconf 84' lang='lat' dir='ltr'><strong>merito</strong></span> <span class='ocrx_word' id='word_1_266' title='bbox 165 2469 266 2497; x_wconf 76' lang='lat' dir='ltr'><strong>vento</strong></span> <span class='ocrx_word' id='word_1_267' title='bbox 289 2464 362 2507; x_wconf 80' lang='lat' dir='ltr'><strong>ipso</strong></span> <span class='ocrx_word' id='word_1_268' title='bbox 386 2465 539 2507; x_wconf 72' lang='lat' dir='ltr'><strong>concepti</strong></span> <span class='ocrx_word' id='word_1_269' title='bbox 560 2464 754 2497; x_wconf 77' lang='lat' dir='ltr'><strong>videantur.</strong></span> 
     </span>
    </p>

    <p class='ocr_par' dir='ltr' id='par_1_9' title="bbox 21 2509 830 2730">
     <span class='ocr_line' id='line_1_49' title="bbox 67 2509 830 2553; baseline -0.003 -9"><span class='ocrx_word' id='word_1_270' title='bbox 67 2510 148 2544; x_wconf 84' lang='lat'><em>226.</em></span> <span class='ocrx_word' id='word_1_271' title='bbox 188 2510 442 2553; x_wconf 79' lang='grc' dir='ltr'><em>σκιρτῷεν,</em></span> <span class='ocrx_word' id='word_1_272' title='bbox 485 2511 578 2544; x_wconf 83' lang='lat' dir='ltr'><strong>saltu</strong></span> <span class='ocrx_word' id='word_1_273' title='bbox 620 2509 830 2543; x_wconf 68' lang='lat' dir='ltr'><strong>lascivirent.</strong></span> 
     </span>
     <span class='ocr_line' id='line_1_50' title="bbox 21 2554 829 2600; baseline 0.001 -12"><span class='ocrx_word' id='word_1_274' title='bbox 21 2555 126 2588; x_wconf 81' lang='lat' dir='ltr'><strong>semel</strong></span> <span class='ocrx_word' id='word_1_275' title='bbox 149 2555 259 2597; x_wconf 86' lang='lat' dir='ltr'><strong>dixit,</strong></span> <span class='ocrx_word' id='word_1_276' title='bbox 291 2558 351 2590; x_wconf 89' lang='lat' dir='ltr'><strong>sed</strong></span> <span class='ocrx_word' id='word_1_277' title='bbox 377 2556 525 2600; x_wconf 80' lang='lat' dir='ltr'><strong>pertinet</strong></span> <span class='ocrx_word' id='word_1_278' title='bbox 555 2567 595 2589; x_wconf 92' lang='lat' dir='ltr'><strong>eo</strong></span> <span class='ocrx_word' id='word_1_279' title='bbox 619 2554 829 2599; x_wconf 74' lang='grc' dir='ltr'><strong><em>πολύσκαρ-</em></strong></span> 
     </span>
     <span class='ocr_line' id='line_1_51' title="bbox 21 2601 828 2647; baseline 0.003 -13"><span class='ocrx_word' id='word_1_280' title='bbox 21 2602 121 2642; x_wconf 63' lang='lat' dir='ltr'><strong>&amp;noc</strong></span> <span class='ocrx_word' id='word_1_281' title='bbox 144 2601 280 2647; x_wconf 83' lang='lat' dir='ltr'><strong>Myrine</strong></span> <span class='ocrx_word' id='word_1_282' title='bbox 304 2601 349 2647; x_wconf 93' lang='grc' dir='ltr'><strong>β’,</strong></span> <span class='ocrx_word' id='word_1_283' title='bbox 369 2603 447 2636; x_wconf 90' lang='grc'>814.</span> <span class='ocrx_word' id='word_1_284' title='bbox 480 2614 513 2635; x_wconf 79' lang='grc' dir='ltr'><strong>ν.</strong></span> <span class='ocrx_word' id='word_1_285' title='bbox 538 2601 641 2634; x_wconf 89' lang='lat' dir='ltr'><strong>Schn</strong></span> <span class='ocrx_word' id='word_1_286' title='bbox 678 2613 713 2635; x_wconf 87' lang='lat' dir='ltr'><strong>v.</strong></span> <span class='ocrx_word' id='word_1_287' title='bbox 733 2612 828 2644; x_wconf 88' lang='grc' dir='ltr'><em>σκιρ-</em></span> 
     </span>
     <span class='ocr_line' id='line_1_52' title="bbox 21 2645 827 2694; baseline 0.002 -14"><span class='ocrx_word' id='word_1_288' title='bbox 21 2645 111 2682; x_wconf 82' lang='grc' dir='ltr'><strong><em>τάω.</em></strong></span> <span class='ocrx_word' id='word_1_289' title='bbox 135 2666 181 2671; x_wconf 93' lang='grc'>-</span> <span class='ocrx_word' id='word_1_290' title='bbox 230 2650 464 2692; x_wconf 79' lang='grc' dir='ltr'><strong><em>ζείδωρον</em></strong></span> <span class='ocrx_word' id='word_1_291' title='bbox 506 2645 736 2692; x_wconf 78' lang='grc' dir='ltr'><strong><em>ἄρουραν.</em></strong></span> <span class='ocrx_word' id='word_1_292' title='bbox 780 2646 827 2694; x_wconf 84' lang='grc' dir='ltr'><strong>β’,</strong></span> 
     </span>
     <span class='ocr_line' id='line_1_53' title="bbox 22 2691 375 2735; baseline 0 -7"><span class='ocrx_word' id='word_1_293' title='bbox 22 2693 110 2734; x_wconf 86' lang='grc'>548,</span> <span class='ocrx_word' id='word_1_294' title='bbox 134 2691 195 2735; x_wconf 81' lang='grc' dir='ltr'>θ’,</span> <span class='ocrx_word' id='word_1_295' title='bbox 218 2696 287 2730; x_wconf 87' lang='grc'><strong>486</strong></span> <span class='ocrx_word' id='word_1_296' title='bbox 307 2702 375 2729; x_wconf 89' lang='lat' dir='ltr'><strong>etc.</strong></span> 
     </span>
    </p>
   </div>
   <div class='ocr_carea' id='block_1_7' title="bbox 19 2738 825 2969">
    <p class='ocr_par' dir='ltr' id='par_1_10' title="bbox 19 2738 825 2969">
     <span class='ocr_line' id='line_1_54' title="bbox 67 2738 825 2781; baseline 0.004 -9"><span class='ocrx_word' id='word_1_297' title='bbox 67 2738 145 2772; x_wconf 90' lang='grc'>227.</span> <span class='ocrx_word' id='word_1_298' title='bbox 171 2740 220 2774; x_wconf 78' lang='lat' dir='ltr'><strong>sic</strong></span> <span class='ocrx_word' id='word_1_299' title='bbox 244 2741 322 2775; x_wconf 92' lang='lat' dir='ltr'><strong>edd.</strong></span> <span class='ocrx_word' id='word_1_300' title='bbox 337 2740 443 2781; x_wconf 83' lang='lat' dir='ltr'><strong>Flor.‚</strong></span> <span class='ocrx_word' id='word_1_301' title='bbox 467 2739 542 2773; x_wconf 79' lang='lat' dir='ltr'><strong>Ald.</strong></span> <span class='ocrx_word' id='word_1_302' title='bbox 567 2741 598 2774; x_wconf 93' lang='lat'><strong>1.</strong></span> <span class='ocrx_word' id='word_1_303' title='bbox 620 2740 721 2781; x_wconf 81' lang='lat' dir='ltr'><strong>et3.‚</strong></span> <span class='ocrx_word' id='word_1_304' title='bbox 744 2739 825 2775; x_wconf 86' lang='lat' dir='ltr'><strong>item</strong></span> 
     </span>
     <span class='ocr_line' id='line_1_55' title="bbox 19 2765 825 2841; baseline 0.006 -24"><span class='ocrx_word' id='word_1_305' title='bbox 19 2782 99 2816; x_wconf 87' lang='lat' dir='ltr'><strong>Sch</strong></span> <span class='ocrx_word' id='word_1_306' title='bbox 117 2808 145 2838; x_wconf 76' lang='lat'><em>⁹..</em></span> <span class='ocrx_word' id='word_1_307' title='bbox 164 2786 330 2841; x_wconf 84' lang='lat' dir='ltr'><strong>planeque</strong></span> <span class='ocrx_word' id='word_1_308' title='bbox 370 2765 459 2820; x_wconf 85' lang='lat' dir='ltr'><strong>dixit</strong></span> <span class='ocrx_word' id='word_1_309' title='bbox 489 2787 584 2821; x_wconf 83' lang='grc' dir='ltr'><strong><em>θέον</em></strong></span> <span class='ocrx_word' id='word_1_310' title='bbox 619 2783 734 2829; x_wconf 79' lang='grc' dir='ltr'><strong><em>ἄκρον</em></strong></span> <span class='ocrx_word' id='word_1_311' title='bbox 764 2785 825 2823; x_wconf 73' lang='grc' dir='ltr'><strong>ἐπὶ</strong></span> 
     </span>
     <span class='ocr_line' id='line_1_56' title="bbox 19 2830 823 2886; baseline 0.006 -24"><span class='ocrx_word' id='word_1_312' title='bbox 19 2830 170 2886; x_wconf 82' lang='grc' dir='ltr'><strong><em>καρπῶν</em></strong></span> <span class='ocrx_word' id='word_1_313' title='bbox 193 2830 281 2867; x_wconf 80' lang='grc' dir='ltr'><strong><em>ἀνθ.</em></strong></span> <span class='ocrx_word' id='word_1_314' title='bbox 304 2837 345 2867; x_wconf 92' lang='grc' dir='ltr'><strong>ιιι</strong></span> <span class='ocrx_word' id='word_1_315' title='bbox 360 2833 514 2868; x_wconf 77' lang='grc' dir='ltr'><strong><em>θέεσκον</em></strong></span> <span class='ocrx_word' id='word_1_316' title='bbox 538 2831 652 2876; x_wconf 78' lang='grc' dir='ltr'><strong><em>ἄκρον</em></strong></span> <span class='ocrx_word' id='word_1_317' title='bbox 674 2831 735 2867; x_wconf 75' lang='grc' dir='ltr'><strong>ἐπὶ</strong></span> <span class='ocrx_word' id='word_1_318' title='bbox 759 2832 823 2878; x_wconf 79' lang='grc' dir='ltr'><strong>ῥη-</strong></span> 
     </span>
     <span class='ocr_line' id='line_1_57' title="bbox 19 2874 822 2924; baseline 0.006 -15"><span class='ocrx_word' id='word_1_319' title='bbox 19 2879 149 2920; x_wconf 78' lang='grc' dir='ltr'><strong><em>γμῖνος</em></strong></span> <span class='ocrx_word' id='word_1_320' title='bbox 172 2874 271 2918; x_wconf 73' lang='grc' dir='ltr'>ἁλός.</span> <span class='ocrx_word' id='word_1_321' title='bbox 313 2880 433 2924; x_wconf 86' lang='lat' dir='ltr'><strong>vulgo,</strong></span> <span class='ocrx_word' id='word_1_322' title='bbox 465 2880 649 2913; x_wconf 77' lang='lat' dir='ltr'><strong>secundum</strong></span> <span class='ocrx_word' id='word_1_323' title='bbox 674 2879 749 2913; x_wconf 83' lang='lat' dir='ltr'><strong>Ald.</strong></span> <span class='ocrx_word' id='word_1_324' title='bbox 773 2882 822 2922; x_wconf 91' lang='grc'><strong>2,</strong></span> 
     </span>
     <span class='ocr_line' id='line_1_58' title="bbox 21 2921 822 2969; baseline 0.007 -15"><span class='ocrx_word' id='word_1_325' title='bbox 21 2921 116 2956; x_wconf 90' lang='lat' dir='ltr'><strong>Rom.</strong></span> <span class='ocrx_word' id='word_1_326' title='bbox 140 2928 176 2956; x_wconf 86' lang='lat' dir='ltr'><strong>et</strong></span> <span class='ocrx_word' id='word_1_327' title='bbox 198 2924 282 2959; x_wconf 70' lang='lat' dir='ltr'><strong>alio!</strong></span> <span class='ocrx_word' id='word_1_328' title='bbox 311 2924 437 2959; x_wconf 83' lang='lat' dir='ltr'><strong>libros·</strong></span> <span class='ocrx_word' id='word_1_329' title='bbox 467 2925 632 2969; x_wconf 81' lang='grc' dir='ltr'><strong><em>καρπὸν,</em></strong></span> <span class='ocrx_word' id='word_1_330' title='bbox 665 2925 822 2960; x_wconf 84' lang='lat' dir='ltr'><strong>oratione</strong></span> 
     </span>
    </p>
   </div>
   <div class='ocr_carea' id='block_1_8' title="bbox 17 2968 822 3015">
    <p class='ocr_par' dir='ltr' id='par_1_11' title="bbox 17 2968 822 3015">
     <span class='ocr_line' id='line_1_59' title="bbox 17 2968 822 3015; baseline 0.009 -15"><span class='ocrx_word' id='word_1_331' title='bbox 17 2968 72 3001; x_wconf 81' lang='lat' dir='ltr'><strong>vix</strong></span> <span class='ocrx_word' id='word_1_332' title='bbox 96 2980 242 3013; x_wconf 83' lang='lat' dir='ltr'><strong>graeca,</strong></span> <span class='ocrx_word' id='word_1_333' title='bbox 277 2970 442 3015; x_wconf 75' lang='lat' dir='ltr'><strong>siquidem</strong></span> <span class='ocrx_word' id='word_1_334' title='bbox 473 2972 577 3008; x_wconf 81' lang='grc' dir='ltr'><em>θέειν</em></span> <span class='ocrx_word' id='word_1_335' title='bbox 606 2970 668 3008; x_wconf 78' lang='grc' dir='ltr'><strong><em>ἐπί</em></strong></span> <span class='ocrx_word' id='word_1_336' title='bbox 699 2986 735 3008; x_wconf 89' lang='grc' dir='ltr'><strong>τι</strong></span> <span class='ocrx_word' id='word_1_337' title='bbox 767 2976 822 3007; x_wconf 81' lang='lat' dir='ltr'><strong>est</strong></span> 
     </span>
    </p>
   </div>
   <div class='ocr_carea' id='block_1_9' title="bbox 607 115 1151 156">
    <p class='ocr_par' dir='ltr' id='par_1_12' title="bbox 607 115 1151 156">
     <span class='ocr_line' id='line_1_60' title="bbox 607 115 1151 156; baseline -0.006 0"><span class='ocrx_word' id='word_1_338' title='bbox 607 115 1048 156; x_wconf 79' lang='grc' dir='ltr'><em>ΙΛΙΑΔΟΣ</em></span> <span class='ocrx_word' id='word_1_339' title='bbox 1111 118 1151 155; x_wconf 85' lang='lat' dir='ltr'><strong>Y.</strong></span> 
     </span>
    </p>
   </div>
   <div class='ocr_carea' id='block_1_10' title="bbox 1627 118 1708 157">
    <p class='ocr_par' dir='ltr' id='par_1_13' title="bbox 1627 118 1708 157">
     <span class='ocr_line' id='line_1_61' title="bbox 1627 118 1708 157; baseline -0.012 0"><span class='ocrx_word' id='word_1_340' title='bbox 1627 118 1708 157; x_wconf 75' lang='lat'><strong>1:30</strong></span> 
     </span>
    </p>
   </div>
   <div class='ocr_carea' id='block_1_11' title="bbox 103 221 1513 678">
    <p class='ocr_par' dir='ltr' id='par_1_14' title="bbox 108 221 1346 507">
     <span class='ocr_line' id='line_1_62' title="bbox 108 221 1346 295; baseline -0.004 -22"><span class='ocrx_word' id='word_1_341' title='bbox 108 234 185 275; x_wconf 84' lang='grc'><strong>220</strong></span> <span class='ocrx_word' id='word_1_342' title='bbox 215 225 265 278; x_wconf 75' lang='grc' dir='ltr'><strong><em>ὃς</em></strong></span> <span class='ocrx_word' id='word_1_343' title='bbox 295 225 338 270; x_wconf 84' lang='grc' dir='ltr'><strong>δ’</strong></span> <span class='ocrx_word' id='word_1_344' title='bbox 369 223 660 281; x_wconf 76' lang='grc' dir='ltr'><em>ἀφνειότατος</em></span> <span class='ocrx_word' id='word_1_345' title='bbox 687 223 834 295; x_wconf 79' lang='grc' dir='ltr'><strong><em>γένετο</em></strong></span> <span class='ocrx_word' id='word_1_346' title='bbox 863 226 1043 293; x_wconf 84' lang='grc' dir='ltr'><strong><em>θνητων</em></strong></span> <span class='ocrx_word' id='word_1_347' title='bbox 1072 221 1346 277; x_wconf 76' lang='grc' dir='ltr'><strong><em>ἀνθρώπων·</em></strong></span> 
     </span>
     <span class='ocr_line' id='line_1_63' title="bbox 214 279 1298 350; baseline -0.002 -24"><span class='ocrx_word' id='word_1_348' title='bbox 214 287 297 326; x_wconf 87' lang='grc' dir='ltr'><strong>τοῦ</strong></span> <span class='ocrx_word' id='word_1_349' title='bbox 326 284 557 337; x_wconf 82' lang='grc' dir='ltr'><em>τρισχίλιαι</em></span> <span class='ocrx_word' id='word_1_350' title='bbox 586 282 712 324; x_wconf 81' lang='grc' dir='ltr'><em>ἵπποι</em></span> <span class='ocrx_word' id='word_1_351' title='bbox 742 281 838 332; x_wconf 80' lang='grc' dir='ltr'><strong><em>ἕλος</em></strong></span> <span class='ocrx_word' id='word_1_352' title='bbox 867 279 978 323; x_wconf 85' lang='grc' dir='ltr'><strong><em>κάτα</em></strong></span> <span class='ocrx_word' id='word_1_353' title='bbox 1006 281 1298 350; x_wconf 85' lang='grc' dir='ltr'><strong><em>βουκολέοντο</em></strong></span> 
     </span>
     <span class='ocr_line' id='line_1_64' title="bbox 213 335 1209 395; baseline -0.004 -12"><span class='ocrx_word' id='word_1_354' title='bbox 213 340 405 395; x_wconf 77' lang='grc' dir='ltr'><em>θήλειαι,</em></span> <span class='ocrx_word' id='word_1_355' title='bbox 436 338 648 381; x_wconf 79' lang='grc' dir='ltr'><em>πώλοισιν</em></span> <span class='ocrx_word' id='word_1_356' title='bbox 679 336 971 393; x_wconf 79' lang='grc' dir='ltr'><em>ἀγαλλόμεναι</em></span> <span class='ocrx_word' id='word_1_357' title='bbox 1001 335 1209 394; x_wconf 81' lang='grc' dir='ltr'><em>ἆταλησι,</em></span> 
     </span>
     <span class='ocr_line' id='line_1_65' title="bbox 209 392 1248 465; baseline -0.003 -26"><span class='ocrx_word' id='word_1_358' title='bbox 209 398 329 439; x_wconf 88' lang='grc' dir='ltr'><strong><em>τάων</em></strong></span> <span class='ocrx_word' id='word_1_359' title='bbox 358 395 433 439; x_wconf 81' lang='grc' dir='ltr'><strong>καὶ</strong></span> <span class='ocrx_word' id='word_1_360' title='bbox 464 395 631 464; x_wconf 77' lang='grc' dir='ltr'><strong><em>Βορέης</em></strong></span> <span class='ocrx_word' id='word_1_361' title='bbox 658 394 878 450; x_wconf 82' lang='grc' dir='ltr'><strong><em>ἠράσσατο</em></strong></span> <span class='ocrx_word' id='word_1_362' title='bbox 910 392 1248 465; x_wconf 79' lang='grc' dir='ltr'><strong><em>βοσκομενάων,</em></strong></span> 
     </span>
     <span class='ocr_line' id='line_1_66' title="bbox 210 450 1272 524; baseline -0.004 -27.992"><span class='ocrx_word' id='word_1_363' title='bbox 210 455 330 508; x_wconf 80' lang='grc' dir='ltr'><strong><em>ἵππῳ</em></strong></span> <span class='ocrx_word' id='word_1_364' title='bbox 361 450 405 495; x_wconf 89' lang='lat'>6’</span> <span class='ocrx_word' id='word_1_365' title='bbox 434 450 661 520; x_wconf 86' lang='grc' dir='ltr'><strong><em>εἰσάμενος</em></strong></span> <span class='ocrx_word' id='word_1_366' title='bbox 688 452 950 524; x_wconf 80' lang='grc' dir='ltr'><strong><em>παρελέξατο</em></strong></span> <span class='ocrx_word' id='word_1_367' title='bbox 978 451 1272 506; x_wconf 81' lang='grc' dir='ltr'><strong><em>κυανοχαίτῃ·</em></strong></span> 
     </span>
    </p>

    <p class='ocr_par' dir='ltr' id='par_1_15' title="bbox 103 498 1486 678">
     <span class='ocr_line' id='line_1_67' title="bbox 103 498 1406 563; baseline -0.007 -6"><span class='ocrx_word' id='word_1_368' title='bbox 103 513 179 557; x_wconf 79' lang='lat'><strong>225</strong></span> <span class='ocrx_word' id='word_1_369' title='bbox 212 511 258 553; x_wconf 85' lang='grc' dir='ltr'><strong>αἱ</strong></span> <span class='ocrx_word' id='word_1_370' title='bbox 286 498 329 552; x_wconf 86' lang='grc' dir='ltr'><strong>δ’</strong></span> <span class='ocrx_word' id='word_1_371' title='bbox 360 507 717 563; x_wconf 80' lang='grc' dir='ltr'><strong><em>ὑποκυσσάμεναι</em></strong></span> <span class='ocrx_word' id='word_1_372' title='bbox 746 508 894 551; x_wconf 82' lang='grc' dir='ltr'><strong><em>ε’τεκον</em></strong></span> <span class='ocrx_word' id='word_1_373' title='bbox 924 509 1188 551; x_wconf 82' lang='grc' dir='ltr'><strong><em>δυοκαίδεκα</em></strong></span> <span class='ocrx_word' id='word_1_374' title='bbox 1215 504 1406 556; x_wconf 73' lang='grc' dir='ltr'><strong><em>πώλους.</em></strong></span> 
     </span>
     <span class='ocr_line' id='line_1_68' title="bbox 212 562 1371 634; baseline -0.004 -24"><span class='ocrx_word' id='word_1_375' title='bbox 212 584 256 610; x_wconf 89' lang='grc' dir='ltr'><strong>αι</strong></span> <span class='ocrx_word' id='word_1_376' title='bbox 286 564 328 609; x_wconf 87' lang='grc' dir='ltr'><strong>δ’</strong></span> <span class='ocrx_word' id='word_1_377' title='bbox 360 564 430 609; x_wconf 83' lang='grc' dir='ltr'><strong>ὅτε</strong></span> <span class='ocrx_word' id='word_1_378' title='bbox 459 565 538 634; x_wconf 80' lang='grc' dir='ltr'><strong>μὲν</strong></span> <span class='ocrx_word' id='word_1_379' title='bbox 568 569 780 623; x_wconf 80' lang='grc' dir='ltr'><strong><em>σκιρτῷεν</em></strong></span> <span class='ocrx_word' id='word_1_380' title='bbox 811 564 876 608; x_wconf 80' lang='grc' dir='ltr'><strong>ἐπι</strong></span> <span class='ocrx_word' id='word_1_381' title='bbox 913 566 1120 618; x_wconf 82' lang='grc' dir='ltr'><strong><em>ζείδωρον</em></strong></span> <span class='ocrx_word' id='word_1_382' title='bbox 1150 562 1371 616; x_wconf 78' lang='grc' dir='ltr'><strong><em>ἄρουραν,</em></strong></span> 
     </span>
     <span class='ocr_line' id='line_1_69' title="bbox 209 610 1513 678; baseline -0.005 -12"><span class='ocrx_word' id='word_1_383' title='bbox 209 623 347 678; x_wconf 77' lang='grc' dir='ltr'><strong><em>ἄκρον</em></strong></span> <span class='ocrx_word' id='word_1_384' title='bbox 377 620 440 665; x_wconf 81' lang='grc' dir='ltr'><strong>ἐπ’</strong></span> <span class='ocrx_word' id='word_1_385' title='bbox 468 610 719 677; x_wconf 74' lang='grc' dir='ltr'><strong><em>ἀνθερίκων</em></strong></span> <span class='ocrx_word' id='word_1_386' title='bbox 751 638 935 677; x_wconf 86' lang='grc' dir='ltr'><strong><em>καρπων</em></strong></span> <span class='ocrx_word' id='word_1_387' title='bbox 964 622 1098 674; x_wconf 89' lang='grc' dir='ltr'><strong><em>θέον,</em></strong></span> <span class='ocrx_word' id='word_1_388' title='bbox 1132 619 1236 664; x_wconf 84' lang='grc' dir='ltr'><strong><em>ου’δὲ</em></strong></span> <span class='ocrx_word' id='word_1_389' title='bbox 1265 618 1513 663; x_wconf 83' lang='grc' dir='ltr'><strong><em>κατέκλων·</em></strong></span> 
     </span>
    </p>
   </div>
   <div class='ocr_carea' id='block_1_12' title="bbox 894 706 1707 1032">
    <p class='ocr_par' dir='ltr' id='par_1_16' title="bbox 894 706 1707 1032">
     <span class='ocr_line' id='line_1_70' title="bbox 898 706 1705 755; baseline -0.009 -9"><span class='ocrx_word' id='word_1_390' title='bbox 898 723 1076 746; x_wconf 85' lang='lat' dir='ltr'><strong>accurrere</strong></span> <span class='ocrx_word' id='word_1_391' title='bbox 1111 712 1248 755; x_wconf 78' lang='lat' dir='ltr'><strong>aliquo3</strong></span> <span class='ocrx_word' id='word_1_392' title='bbox 1291 713 1327 744; x_wconf 82' lang='lat' dir='ltr'><strong>at</strong></span> <span class='ocrx_word' id='word_1_393' title='bbox 1359 709 1459 743; x_wconf 83' lang='lat' dir='ltr'><strong>Hom.</strong></span> <span class='ocrx_word' id='word_1_394' title='bbox 1494 717 1600 752; x_wconf 89' lang='lat' dir='ltr'><strong>equos</strong></span> <span class='ocrx_word' id='word_1_395' title='bbox 1630 706 1705 741; x_wconf 88' lang='lat' dir='ltr'><strong>illos</strong></span> 
     </span>
     <span class='ocr_line' id='line_1_71' title="bbox 896 753 1707 798; baseline -0.005 -7"><span class='ocrx_word' id='word_1_396' title='bbox 896 769 1042 791; x_wconf 83' lang='lat' dir='ltr'><strong>summas</strong></span> <span class='ocrx_word' id='word_1_397' title='bbox 1065 757 1210 798; x_wconf 86' lang='lat' dir='ltr'><strong>aristas,</strong></span> <span class='ocrx_word' id='word_1_398' title='bbox 1247 755 1322 790; x_wconf 85' lang='lat' dir='ltr'><strong>sive</strong></span> <span class='ocrx_word' id='word_1_399' title='bbox 1346 755 1528 789; x_wconf 85' lang='lat' dir='ltr'><strong>aristarum</strong></span> <span class='ocrx_word' id='word_1_400' title='bbox 1554 753 1707 787; x_wconf 89' lang='lat' dir='ltr'><strong>acumina</strong></span> 
     </span>
     <span class='ocr_line' id='line_1_72' title="bbox 897 799 1705 859; baseline -0.007 -22"><span class='ocrx_word' id='word_1_401' title='bbox 897 803 1048 847; x_wconf 81' lang='grc' dir='ltr'><strong><em>(κέντρα</em></strong></span> <span class='ocrx_word' id='word_1_402' title='bbox 1071 810 1174 838; x_wconf 86' lang='lat' dir='ltr'><strong>vocat</strong></span> <span class='ocrx_word' id='word_1_403' title='bbox 1200 802 1390 859; x_wconf 84' lang='lat' dir='ltr'><strong>Hesych.),</strong></span> <span class='ocrx_word' id='word_1_404' title='bbox 1417 800 1626 844; x_wconf 75' lang='lat' dir='ltr'><strong>percurrisse</strong></span> <span class='ocrx_word' id='word_1_405' title='bbox 1650 799 1705 832; x_wconf 90' lang='lat' dir='ltr'><strong>di-</strong></span> 
     </span>
     <span class='ocr_line' id='line_1_73' title="bbox 897 844 1704 904; baseline -0.008 -21"><span class='ocrx_word' id='word_1_406' title='bbox 897 851 964 892; x_wconf 87' lang='lat' dir='ltr'><strong>cit,</strong></span> <span class='ocrx_word' id='word_1_407' title='bbox 992 851 1085 904; x_wconf 74' lang='lat' dir='ltr'><strong>quod</strong></span> <span class='ocrx_word' id='word_1_408' title='bbox 1111 855 1165 884; x_wconf 88' lang='lat' dir='ltr'><strong>est</strong></span> <span class='ocrx_word' id='word_1_409' title='bbox 1187 849 1292 884; x_wconf 82' lang='grc' dir='ltr'><em>θέειν</em></span> <span class='ocrx_word' id='word_1_410' title='bbox 1317 847 1379 883; x_wconf 80' lang='grc' dir='ltr'><strong><em>ἐπί</em></strong></span> <span class='ocrx_word' id='word_1_411' title='bbox 1402 859 1514 886; x_wconf 87' lang='grc' dir='ltr'><strong><em>τινος.</em></strong></span> <span class='ocrx_word' id='word_1_412' title='bbox 1546 844 1704 886; x_wconf 85' lang='lat' dir='ltr'><strong>offendit,</strong></span> 
     </span>
     <span class='ocr_line' id='line_1_74' title="bbox 895 892 1703 947; baseline -0.006 -18"><span class='ocrx_word' id='word_1_413' title='bbox 895 902 935 930; x_wconf 90' lang='lat' dir='ltr'><strong>ut</strong></span> <span class='ocrx_word' id='word_1_414' title='bbox 968 897 1110 941; x_wconf 83' lang='lat' dir='ltr'><strong>opinor,</strong></span> <span class='ocrx_word' id='word_1_415' title='bbox 1148 897 1385 929; x_wconf 88' lang='lat' dir='ltr'><strong>emendatores</strong></span> <span class='ocrx_word' id='word_1_416' title='bbox 1424 894 1547 938; x_wconf 83' lang='lat' dir='ltr'><strong>duplex</strong></span> <span class='ocrx_word' id='word_1_417' title='bbox 1581 892 1703 947; x_wconf 59' lang='lat' dir='ltr'><strong>genit„</strong></span> 
     </span>
     <span class='ocr_line' id='line_1_75' title="bbox 895 935 1705 987; baseline -0.007 -11"><span class='ocrx_word' id='word_1_418' title='bbox 895 954 963 987; x_wconf 91' lang='lat' dir='ltr'><strong>quo</strong></span> <span class='ocrx_word' id='word_1_419' title='bbox 982 942 1064 976; x_wconf 87' lang='lat' dir='ltr'><strong>nihil</strong></span> <span class='ocrx_word' id='word_1_420' title='bbox 1087 942 1257 975; x_wconf 81' lang='lat' dir='ltr'><strong>usitatius.</strong></span> <span class='ocrx_word' id='word_1_421' title='bbox 1290 941 1340 974; x_wconf 88' lang='lat' dir='ltr'><strong>ita</strong></span> <span class='ocrx_word' id='word_1_422' title='bbox 1361 942 1426 974; x_wconf 87' lang='lat' dir='ltr'><strong>hoc</strong></span> <span class='ocrx_word' id='word_1_423' title='bbox 1448 939 1523 984; x_wconf 87' lang='lat' dir='ltr'><strong>ipso</strong></span> <span class='ocrx_word' id='word_1_424' title='bbox 1543 939 1618 972; x_wconf 86' lang='lat' dir='ltr'><strong>loco</strong></span> <span class='ocrx_word' id='word_1_425' title='bbox 1640 935 1705 984; x_wconf 78' lang='grc' dir='ltr'><strong>ῥη-</strong></span> 
     </span>
     <span class='ocr_line' id='line_1_76' title="bbox 894 984 1704 1032; baseline -0.004 -11"><span class='ocrx_word' id='word_1_426' title='bbox 894 992 1022 1032; x_wconf 77' lang='grc' dir='ltr'><strong><em>γμῖνο</em></strong></span> <span class='ocrx_word' id='word_1_427' title='bbox 1042 984 1140 1027; x_wconf 82' lang='grc' dir='ltr'><strong><em>αλός.</em></strong></span> <span class='ocrx_word' id='word_1_428' title='bbox 1177 989 1222 1021; x_wconf 91' lang='lat' dir='ltr'><strong>cf.</strong></span> <span class='ocrx_word' id='word_1_429' title='bbox 1243 987 1368 1021; x_wconf 83' lang='lat' dir='ltr'><strong>Matth.</strong></span> <span class='ocrx_word' id='word_1_430' title='bbox 1391 989 1425 1028; x_wconf 65' lang='grc' dir='ltr'><strong>ἓ.</strong></span> <span class='ocrx_word' id='word_1_431' title='bbox 1442 985 1511 1020; x_wconf 90' lang='grc'><strong>314</strong></span> <span class='ocrx_word' id='word_1_432' title='bbox 1560 997 1704 1027; x_wconf 87' lang='grc' dir='ltr'><strong><em>ακρον</em></strong></span> 
     </span>
    </p>
   </div>
   <div class='ocr_carea' id='block_1_13' title="bbox 869 1030 1704 2893">
    <p class='ocr_par' dir='ltr' id='par_1_17' title="bbox 894 1030 1703 1078">
     <span class='ocr_line' id='line_1_77' title="bbox 894 1030 1703 1078; baseline -0.005 -11"><span class='ocrx_word' id='word_1_433' title='bbox 894 1034 1068 1078; x_wconf 84' lang='lat' dir='ltr'><strong>significat</strong></span> <span class='ocrx_word' id='word_1_434' title='bbox 1088 1032 1229 1077; x_wconf 77' lang='grc' dir='ltr'><strong><em>ἄκρως,</em></strong></span> <span class='ocrx_word' id='word_1_435' title='bbox 1255 1040 1293 1067; x_wconf 83' lang='grc' dir='ltr'><strong>ιιι</strong></span> <span class='ocrx_word' id='word_1_436' title='bbox 1314 1031 1408 1075; x_wconf 78' lang='grc' dir='ltr'><strong><em>ἄκρα</em></strong></span> <span class='ocrx_word' id='word_1_437' title='bbox 1431 1032 1465 1065; x_wconf 80' lang='grc' dir='ltr'><strong>ιιι</strong></span> <span class='ocrx_word' id='word_1_438' title='bbox 1486 1030 1703 1074; x_wconf 86' lang='lat' dir='ltr'><strong>Anthologia.</strong></span> 
     </span>
    </p>

    <p class='ocr_par' dir='ltr' id='par_1_18' title="bbox 869 1077 1704 2884">
     <span class='ocr_line' id='line_1_78' title="bbox 893 1077 1704 1125; baseline -0.004 -12.857"><span class='ocrx_word' id='word_1_439' title='bbox 893 1081 1026 1125; x_wconf 71' lang='lat' dir='ltr'><strong>„Virg.</strong></span> <span class='ocrx_word' id='word_1_440' title='bbox 1060 1081 1144 1113; x_wconf 88' lang='lat' dir='ltr'><strong>Aen.</strong></span> <span class='ocrx_word' id='word_1_441' title='bbox 1175 1081 1219 1121; x_wconf 91' lang='grc'><strong>7,</strong></span> <span class='ocrx_word' id='word_1_442' title='bbox 1252 1081 1330 1114; x_wconf 92' lang='grc'>808.</span> <span class='ocrx_word' id='word_1_443' title='bbox 1364 1080 1407 1113; x_wconf 88' lang='lat' dir='ltr'><strong>de</strong></span> <span class='ocrx_word' id='word_1_444' title='bbox 1439 1077 1604 1111; x_wconf 89' lang='lat' dir='ltr'><strong>Camilla·</strong></span> <span class='ocrx_word' id='word_1_445' title='bbox 1641 1078 1704 1110; x_wconf 84' lang='lat' dir='ltr'><strong>illa</strong></span> 
     </span>
     <span class='ocr_line' id='line_1_79' title="bbox 893 1124 1704 1168; baseline -0.001 -10"><span class='ocrx_word' id='word_1_446' title='bbox 893 1127 947 1158; x_wconf 83' lang='lat' dir='ltr'><strong>vel</strong></span> <span class='ocrx_word' id='word_1_447' title='bbox 972 1127 1126 1159; x_wconf 79' lang='lat' dir='ltr'><strong>intactae</strong></span> <span class='ocrx_word' id='word_1_448' title='bbox 1156 1137 1212 1160; x_wconf 90' lang='lat' dir='ltr'><strong>se</strong></span> <span class='ocrx_word' id='word_1_449' title='bbox 1222 1127 1286 1158; x_wconf 77' lang='lat' dir='ltr'><strong>etis</strong></span> <span class='ocrx_word' id='word_1_450' title='bbox 1315 1137 1376 1168; x_wconf 83' lang='lat' dir='ltr'><strong>per</strong></span> <span class='ocrx_word' id='word_1_451' title='bbox 1406 1136 1538 1157; x_wconf 87' lang='lat' dir='ltr'><strong>summa</strong></span> <span class='ocrx_word' id='word_1_452' title='bbox 1569 1124 1704 1157; x_wconf 84' lang='lat' dir='ltr'><strong>volaret</strong></span> 
     </span>
     <span class='ocr_line' id='line_1_80' title="bbox 895 1169 1701 1211; baseline -0.004 -7"><span class='ocrx_word' id='word_1_453' title='bbox 895 1172 1075 1211; x_wconf 83' lang='lat' dir='ltr'><strong>Gramina,</strong></span> <span class='ocrx_word' id='word_1_454' title='bbox 1100 1183 1161 1204; x_wconf 81' lang='lat' dir='ltr'><strong>nec</strong></span> <span class='ocrx_word' id='word_1_455' title='bbox 1179 1177 1316 1205; x_wconf 81' lang='lat' dir='ltr'><strong>teneras</strong></span> <span class='ocrx_word' id='word_1_456' title='bbox 1336 1183 1436 1203; x_wconf 83' lang='lat' dir='ltr'><strong>cursu</strong></span> <span class='ocrx_word' id='word_1_457' title='bbox 1458 1170 1612 1203; x_wconf 85' lang='lat' dir='ltr'><strong>laesisset</strong></span> <span class='ocrx_word' id='word_1_458' title='bbox 1631 1169 1701 1202; x_wconf 85' lang='lat' dir='ltr'><strong>ari—</strong></span> 
     </span>
     <span class='ocr_line' id='line_1_81' title="bbox 892 1218 1702 1262; baseline -0.005 -11"><span class='ocrx_word' id='word_1_459' title='bbox 892 1222 986 1258; x_wconf 79' lang='lat' dir='ltr'><strong>stas3</strong></span> <span class='ocrx_word' id='word_1_460' title='bbox 1015 1219 1076 1251; x_wconf 70' lang='lat' dir='ltr'><strong>Pel</strong></span> <span class='ocrx_word' id='word_1_461' title='bbox 1100 1230 1195 1252; x_wconf 83' lang='lat' dir='ltr'><strong>mare</strong></span> <span class='ocrx_word' id='word_1_462' title='bbox 1217 1229 1279 1262; x_wconf 86' lang='lat' dir='ltr'><strong>per</strong></span> <span class='ocrx_word' id='word_1_463' title='bbox 1300 1218 1471 1256; x_wconf 83' lang='lat' dir='ltr'><strong>medium,</strong></span> <span class='ocrx_word' id='word_1_464' title='bbox 1490 1218 1606 1260; x_wconf 83' lang='lat' dir='ltr'><strong>fluctu</strong></span> <span class='ocrx_word' id='word_1_465' title='bbox 1629 1227 1702 1248; x_wconf 86' lang='lat' dir='ltr'><strong>sus-</strong></span> 
     </span>
     <span class='ocr_line' id='line_1_82' title="bbox 889 1264 1702 1307; baseline -0.004 -10"><span class='ocrx_word' id='word_1_466' title='bbox 889 1275 1000 1307; x_wconf 85' lang='lat' dir='ltr'><strong>pensa</strong></span> <span class='ocrx_word' id='word_1_467' title='bbox 1032 1266 1196 1305; x_wconf 81' lang='lat' dir='ltr'><strong>tumenti,</strong></span> <span class='ocrx_word' id='word_1_468' title='bbox 1230 1265 1351 1298; x_wconf 86' lang='lat' dir='ltr'><strong>Ferret</strong></span> <span class='ocrx_word' id='word_1_469' title='bbox 1374 1265 1460 1302; x_wconf 77' lang='lat' dir='ltr'><strong>iter,</strong></span> <span class='ocrx_word' id='word_1_470' title='bbox 1494 1264 1619 1295; x_wconf 83' lang='lat' dir='ltr'><strong>celeres</strong></span> <span class='ocrx_word' id='word_1_471' title='bbox 1641 1273 1702 1295; x_wconf 84' lang='lat' dir='ltr'><strong>nec</strong></span> 
     </span>
     <span class='ocr_line' id='line_1_83' title="bbox 891 1307 1702 1355; baseline -0.005 -11"><span class='ocrx_word' id='word_1_472' title='bbox 891 1311 1043 1355; x_wconf 77' lang='lat' dir='ltr'><strong>tingeret</strong></span> <span class='ocrx_word' id='word_1_473' title='bbox 1059 1322 1206 1354; x_wconf 76' lang='lat' dir='ltr'><strong>aequore</strong></span> <span class='ocrx_word' id='word_1_474' title='bbox 1218 1311 1402 1354; x_wconf 59' lang='lat' dir='ltr'><strong>plantasf‘</strong></span> <span class='ocrx_word' id='word_1_475' title='bbox 1423 1308 1476 1341; x_wconf 94' lang='lat' dir='ltr'><strong>Cl.</strong></span> <span class='ocrx_word' id='word_1_476' title='bbox 1503 1308 1557 1342; x_wconf 88' lang='lat' dir='ltr'><strong>hic</strong></span> <span class='ocrx_word' id='word_1_477' title='bbox 1574 1307 1702 1341; x_wconf 87' lang='lat' dir='ltr'><strong>utrius-</strong></span> 
     </span>
     <span class='ocr_line' id='line_1_84' title="bbox 893 1353 1700 1401; baseline -0.001 -13"><span class='ocrx_word' id='word_1_478' title='bbox 893 1367 959 1400; x_wconf 82' lang='lat' dir='ltr'><strong>que</strong></span> <span class='ocrx_word' id='word_1_479' title='bbox 991 1359 1116 1401; x_wconf 84' lang='lat' dir='ltr'><strong>poetae</strong></span> <span class='ocrx_word' id='word_1_480' title='bbox 1141 1357 1312 1400; x_wconf 82' lang='lat' dir='ltr'><strong>ingenium</strong></span> <span class='ocrx_word' id='word_1_481' title='bbox 1337 1366 1525 1400; x_wconf 81' lang='lat' dir='ltr'><strong>agnoscas,</strong></span> <span class='ocrx_word' id='word_1_482' title='bbox 1558 1353 1700 1388; x_wconf 86' lang='lat' dir='ltr'><strong>Homeri</strong></span> 
     </span>
     <span class='ocr_line' id='line_1_85' title="bbox 892 1400 1701 1447; baseline 0 -13"><span class='ocrx_word' id='word_1_483' title='bbox 892 1402 1014 1435; x_wconf 84' lang='lat' dir='ltr'><strong>fortius</strong></span> <span class='ocrx_word' id='word_1_484' title='bbox 1048 1403 1209 1436; x_wconf 73' lang='lat' dir='ltr'><strong>audentii</strong></span> <span class='ocrx_word' id='word_1_485' title='bbox 1203 1414 1320 1447; x_wconf 81' lang='lat' dir='ltr'><strong>sque</strong></span> <span class='ocrx_word' id='word_1_486' title='bbox 1357 1401 1495 1445; x_wconf 78' lang='lat' dir='ltr'><strong>Virgilii</strong></span> <span class='ocrx_word' id='word_1_487' title='bbox 1527 1400 1636 1434; x_wconf 87' lang='lat' dir='ltr'><strong>lenius</strong></span> <span class='ocrx_word' id='word_1_488' title='bbox 1665 1405 1701 1434; x_wconf 88' lang='lat' dir='ltr'><strong>et</strong></span> 
     </span>
     <span class='ocr_line' id='line_1_86' title="bbox 891 1446 1699 1482; baseline -0.001 -2"><span class='ocrx_word' id='word_1_489' title='bbox 891 1449 1078 1482; x_wconf 86' lang='lat' dir='ltr'><strong>subtimens</strong></span> <span class='ocrx_word' id='word_1_490' title='bbox 1102 1460 1145 1481; x_wconf 84' lang='lat' dir='ltr'><strong>ne</strong></span> <span class='ocrx_word' id='word_1_491' title='bbox 1170 1448 1324 1481; x_wconf 69' lang='lat' dir='ltr'><strong>offendat</strong></span> <span class='ocrx_word' id='word_1_492' title='bbox 1344 1448 1518 1481; x_wconf 80' lang='lat' dir='ltr'><strong>auditores</strong></span> <span class='ocrx_word' id='word_1_493' title='bbox 1541 1446 1699 1480; x_wconf 92' lang='lat' dir='ltr'><strong>incredu-</strong></span> 
     </span>
     <span class='ocr_line' id='line_1_87' title="bbox 885 1492 1699 1533; baseline -0.001 -7"><span class='ocrx_word' id='word_1_494' title='bbox 885 1494 957 1527; x_wconf 89' lang='lat' dir='ltr'><strong>los.</strong></span> <span class='ocrx_word' id='word_1_495' title='bbox 982 1506 1056 1528; x_wconf 86' lang='lat' dir='ltr'><strong>nam</strong></span> <span class='ocrx_word' id='word_1_496' title='bbox 1078 1495 1206 1528; x_wconf 83' lang='lat' dir='ltr'><strong>factum</strong></span> <span class='ocrx_word' id='word_1_497' title='bbox 1228 1495 1286 1527; x_wconf 87' lang='lat' dir='ltr'><strong>ille</strong></span> <span class='ocrx_word' id='word_1_498' title='bbox 1309 1494 1393 1527; x_wconf 83' lang='lat' dir='ltr'><strong>dicit</strong></span> <span class='ocrx_word' id='word_1_499' title='bbox 1412 1505 1450 1527; x_wconf 89' lang='grc' dir='ltr'><strong>ιιι</strong></span> <span class='ocrx_word' id='word_1_500' title='bbox 1445 1493 1617 1533; x_wconf 86' lang='lat' dir='ltr'><strong>&#39;raculum,</strong></span> <span class='ocrx_word' id='word_1_501' title='bbox 1643 1492 1699 1526; x_wconf 83' lang='lat' dir='ltr'><strong>hic</strong></span> 
     </span>
     <span class='ocr_line' id='line_1_88' title="bbox 884 1538 1698 1585; baseline -0.002 -12"><span class='ocrx_word' id='word_1_502' title='bbox 884 1540 959 1574; x_wconf 87' lang='lat' dir='ltr'><strong>fieri</strong></span> <span class='ocrx_word' id='word_1_503' title='bbox 971 1552 1082 1584; x_wconf 84' lang='lat' dir='ltr'><strong>posse,</strong></span> <span class='ocrx_word' id='word_1_504' title='bbox 1093 1541 1182 1585; x_wconf 89' lang='lat' dir='ltr'><strong>quod</strong></span> <span class='ocrx_word' id='word_1_505' title='bbox 1193 1540 1397 1574; x_wconf 87' lang='lat' dir='ltr'><strong>dubitationi</strong></span> <span class='ocrx_word' id='word_1_506' title='bbox 1408 1541 1514 1574; x_wconf 88' lang='lat' dir='ltr'><strong>locum</strong></span> <span class='ocrx_word' id='word_1_507' title='bbox 1527 1538 1698 1583; x_wconf 83' lang='lat' dir='ltr'><strong>relinquit.</strong></span> 
     </span>
     <span class='ocr_line' id='line_1_89' title="bbox 885 1585 1698 1643; baseline -0.002 -22"><span class='ocrx_word' id='word_1_508' title='bbox 885 1585 1170 1630; x_wconf 74' lang='grc' dir='ltr'><strong><em>ἀνθερίκων.</em></strong></span> <span class='ocrx_word' id='word_1_509' title='bbox 1195 1587 1227 1619; x_wconf 88' lang='grc' dir='ltr'><strong>ιι.</strong></span> <span class='ocrx_word' id='word_1_510' title='bbox 1245 1599 1274 1620; x_wconf 91' lang='lat' dir='ltr'><strong>e.</strong></span> <span class='ocrx_word' id='word_1_511' title='bbox 1295 1587 1487 1643; x_wconf 84' lang='lat' dir='ltr'><strong>interprete</strong></span> <span class='ocrx_word' id='word_1_512' title='bbox 1502 1586 1604 1619; x_wconf 85' lang='lat' dir='ltr'><strong>Sch.·</strong></span> <span class='ocrx_word' id='word_1_513' title='bbox 1625 1585 1698 1619; x_wconf 76' lang='grc' dir='ltr'><strong>τῶν</strong></span> 
     </span>
     <span class='ocr_line' id='line_1_90' title="bbox 885 1629 1698 1676; baseline -0.002 -8"><span class='ocrx_word' id='word_1_514' title='bbox 885 1632 925 1668; x_wconf 80' lang='grc' dir='ltr'><strong>ἐν</strong></span> <span class='ocrx_word' id='word_1_515' title='bbox 955 1637 1032 1674; x_wconf 81' lang='grc' dir='ltr'><strong><em>τοῖς</em></strong></span> <span class='ocrx_word' id='word_1_516' title='bbox 1061 1632 1211 1676; x_wconf 83' lang='grc' dir='ltr'><strong><em>στάχυσι</em></strong></span> <span class='ocrx_word' id='word_1_517' title='bbox 1247 1633 1387 1667; x_wconf 75' lang='grc' dir='ltr'><strong><em>λεπτῶν</em></strong></span> <span class='ocrx_word' id='word_1_518' title='bbox 1412 1631 1574 1673; x_wconf 81' lang='grc' dir='ltr'><strong><em>άθερῶν.</em></strong></span> <span class='ocrx_word' id='word_1_519' title='bbox 1618 1629 1698 1666; x_wconf 85' lang='grc' dir='ltr'><strong><em>ἐλα-</em></strong></span> 
     </span>
     <span class='ocr_line' id='line_1_91' title="bbox 885 1676 1696 1724; baseline -0.002 -9"><span class='ocrx_word' id='word_1_520' title='bbox 885 1681 987 1724; x_wconf 81' lang='grc' dir='ltr'><strong><em>φρῶς</em></strong></span> <span class='ocrx_word' id='word_1_521' title='bbox 1016 1684 1108 1723; x_wconf 79' lang='grc' dir='ltr'><strong><em>οὐν,</em></strong></span> <span class='ocrx_word' id='word_1_522' title='bbox 1135 1679 1268 1724; x_wconf 82' lang='grc' dir='ltr'><strong><em>φησὶν.</em></strong></span> <span class='ocrx_word' id='word_1_523' title='bbox 1294 1678 1443 1714; x_wconf 80' lang='grc' dir='ltr'><strong><em>ἄνωθεν</em></strong></span> <span class='ocrx_word' id='word_1_524' title='bbox 1471 1676 1595 1712; x_wconf 72' lang='grc' dir='ltr'><strong><em>αὐτῶν</em></strong></span> <span class='ocrx_word' id='word_1_525' title='bbox 1618 1677 1696 1713; x_wconf 85' lang='grc' dir='ltr'><em>διέ-</em></span> 
     </span>
     <span class='ocr_line' id='line_1_92' title="bbox 885 1723 1696 1770; baseline -0.001 -10"><span class='ocrx_word' id='word_1_526' title='bbox 885 1737 1026 1770; x_wconf 80' lang='grc' dir='ltr'><strong><em>τρεχεν·</em></strong></span> <span class='ocrx_word' id='word_1_527' title='bbox 1064 1724 1203 1768; x_wconf 83' lang='grc' dir='ltr'><strong><em>ὁμοίως</em></strong></span> <span class='ocrx_word' id='word_1_528' title='bbox 1233 1723 1273 1760; x_wconf 84' lang='grc' dir='ltr'><strong><em>δε</em></strong></span> <span class='ocrx_word' id='word_1_529' title='bbox 1301 1726 1418 1769; x_wconf 89' lang='lat' dir='ltr'><strong>(libri·</strong></span> <span class='ocrx_word' id='word_1_530' title='bbox 1453 1726 1538 1766; x_wconf 81' lang='grc' dir='ltr'><strong><em>καὶ,</em></strong></span> <span class='ocrx_word' id='word_1_531' title='bbox 1574 1726 1696 1759; x_wconf 87' lang='lat' dir='ltr'><strong>menda</strong></span> 
     </span>
     <span class='ocr_line' id='line_1_93' title="bbox 884 1769 1695 1827; baseline 0 -21"><span class='ocrx_word' id='word_1_532' title='bbox 884 1774 1099 1818; x_wconf 79' lang='lat' dir='ltr'><strong>frequente.)</strong></span> <span class='ocrx_word' id='word_1_533' title='bbox 1131 1772 1188 1808; x_wconf 81' lang='grc' dir='ltr'><strong>ἐπι</strong></span> <span class='ocrx_word' id='word_1_534' title='bbox 1216 1773 1281 1816; x_wconf 84' lang='grc' dir='ltr'><strong>τῆς</strong></span> <span class='ocrx_word' id='word_1_535' title='bbox 1308 1773 1382 1806; x_wconf 76' lang='grc' dir='ltr'><strong>τῶν</strong></span> <span class='ocrx_word' id='word_1_536' title='bbox 1414 1770 1594 1827; x_wconf 77' lang='grc' dir='ltr'><strong><em>κυμάτων</em></strong></span> <span class='ocrx_word' id='word_1_537' title='bbox 1619 1769 1695 1806; x_wconf 81' lang='grc' dir='ltr'><em>ἐπι-</em></span> 
     </span>
     <span class='ocr_line' id='line_1_94' title="bbox 886 1815 1693 1875; baseline -0.001 -23"><span class='ocrx_word' id='word_1_538' title='bbox 886 1820 1065 1862; x_wconf 85' lang='grc' dir='ltr'><strong><em>φανείας,</em></strong></span> <span class='ocrx_word' id='word_1_539' title='bbox 1107 1817 1158 1863; x_wconf 79' lang='grc' dir='ltr'><strong>μή</strong></span> <span class='ocrx_word' id='word_1_540' title='bbox 1196 1817 1468 1875; x_wconf 79' lang='grc' dir='ltr'><strong><em>βαπτιζόμεναι</em></strong></span> <span class='ocrx_word' id='word_1_541' title='bbox 1490 1818 1541 1863; x_wconf 78' lang='grc' dir='ltr'><strong>τῷ</strong></span> <span class='ocrx_word' id='word_1_542' title='bbox 1571 1815 1693 1852; x_wconf 77' lang='grc' dir='ltr'><em>ὕδατι.</em></span> 
     </span>
     <span class='ocr_line' id='line_1_95' title="bbox 885 1861 1694 1920; baseline 0 -21"><span class='ocrx_word' id='word_1_543' title='bbox 885 1867 1022 1908; x_wconf 85' lang='grc' dir='ltr'><strong><em>κυρίως</em></strong></span> <span class='ocrx_word' id='word_1_544' title='bbox 1039 1864 1079 1900; x_wconf 85' lang='grc' dir='ltr'><strong><em>δε</em></strong></span> <span class='ocrx_word' id='word_1_545' title='bbox 1096 1865 1250 1908; x_wconf 84' lang='grc' dir='ltr'><strong><em>άνθέριξ</em></strong></span> <span class='ocrx_word' id='word_1_546' title='bbox 1268 1869 1432 1920; x_wconf 62' lang='grc' dir='ltr'><strong><em>καλεῖται</em></strong></span> <span class='ocrx_word' id='word_1_547' title='bbox 1450 1862 1468 1899; x_wconf 87' lang='grc' dir='ltr'>ὁ</span> <span class='ocrx_word' id='word_1_548' title='bbox 1489 1865 1558 1899; x_wconf 83' lang='grc' dir='ltr'><strong>τοῦ</strong></span> <span class='ocrx_word' id='word_1_549' title='bbox 1575 1861 1694 1907; x_wconf 83' lang='grc' dir='ltr'><strong><em>άσφο-</em></strong></span> 
     </span>
     <span class='ocr_line' id='line_1_96' title="bbox 885 1909 1693 1968; baseline -0.001 -22"><span class='ocrx_word' id='word_1_550' title='bbox 885 1913 992 1946; x_wconf 76' lang='grc' dir='ltr'><strong><em>δέλου</em></strong></span> <span class='ocrx_word' id='word_1_551' title='bbox 1012 1912 1159 1951; x_wconf 84' lang='grc' dir='ltr'><strong><em>καυλός</em></strong></span> <span class='ocrx_word' id='word_1_552' title='bbox 1183 1911 1259 1947; x_wconf 76' lang='grc' dir='ltr'><em>ἔστι</em></span> <span class='ocrx_word' id='word_1_553' title='bbox 1272 1909 1311 1946; x_wconf 90' lang='grc' dir='ltr'><strong><em>δε</em></strong></span> <span class='ocrx_word' id='word_1_554' title='bbox 1331 1910 1460 1967; x_wconf 85' lang='grc' dir='ltr'><strong><em>φυτὸν</em></strong></span> <span class='ocrx_word' id='word_1_555' title='bbox 1471 1912 1693 1968; x_wconf 79' lang='grc' dir='ltr'><strong><em>λαχανῶδες.</em></strong></span> 
     </span>
     <span class='ocr_line' id='line_1_97' title="bbox 883 1955 1689 2014; baseline 0.001 -23"><span class='ocrx_word' id='word_1_556' title='bbox 883 1958 1040 1992; x_wconf 83' lang='lat' dir='ltr'><strong>similiter</strong></span> <span class='ocrx_word' id='word_1_557' title='bbox 1069 1960 1148 1999; x_wconf 86' lang='lat' dir='ltr'><strong>alii;</strong></span> <span class='ocrx_word' id='word_1_558' title='bbox 1180 1969 1321 2014; x_wconf 92' lang='lat' dir='ltr'><strong>quorum</strong></span> <span class='ocrx_word' id='word_1_559' title='bbox 1354 1959 1404 1991; x_wconf 81' lang='lat' dir='ltr'><strong>E:</strong></span> <span class='ocrx_word' id='word_1_560' title='bbox 1438 1956 1636 2000; x_wconf 75' lang='grc' dir='ltr'><strong><em>ἀνθέρικος</em></strong></span> <span class='ocrx_word' id='word_1_561' title='bbox 1669 1955 1689 1992; x_wconf 82' lang='grc' dir='ltr'>ὁ</span> 
     </span>
     <span class='ocr_line' id='line_1_98' title="bbox 882 2002 1691 2048; baseline 0.001 -10"><span class='ocrx_word' id='word_1_562' title='bbox 882 2004 949 2048; x_wconf 86' lang='grc' dir='ltr'><strong>τῆς</strong></span> <span class='ocrx_word' id='word_1_563' title='bbox 975 2005 1079 2047; x_wconf 81' lang='grc' dir='ltr'><strong><em>(τοῦ)</em></strong></span> <span class='ocrx_word' id='word_1_564' title='bbox 1110 2003 1318 2048; x_wconf 74' lang='grc' dir='ltr'><strong><em>ἀσφοδέλου</em></strong></span> <span class='ocrx_word' id='word_1_565' title='bbox 1349 2003 1513 2047; x_wconf 82' lang='grc' dir='ltr'><strong><em>καρπὸς,</em></strong></span> <span class='ocrx_word' id='word_1_566' title='bbox 1547 2002 1572 2048; x_wconf 81' lang='grc' dir='ltr'>ἢ</span> <span class='ocrx_word' id='word_1_567' title='bbox 1597 2016 1691 2039; x_wconf 89' lang='grc' dir='ltr'><strong><em>καυ-</em></strong></span> 
     </span>
     <span class='ocr_line' id='line_1_99' title="bbox 882 2048 1690 2108; baseline 0 -23"><span class='ocrx_word' id='word_1_568' title='bbox 882 2051 955 2090; x_wconf 89' lang='grc' dir='ltr'>λός.</span> <span class='ocrx_word' id='word_1_569' title='bbox 994 2048 1017 2095; x_wconf 84' lang='grc' dir='ltr'><em>ἦ</em></span> <span class='ocrx_word' id='word_1_570' title='bbox 1049 2049 1089 2086; x_wconf 88' lang='grc' dir='ltr'><strong><em>δε</em></strong></span> <span class='ocrx_word' id='word_1_571' title='bbox 1120 2052 1248 2108; x_wconf 78' lang='grc' dir='ltr'><em>χρῆσις</em></span> <span class='ocrx_word' id='word_1_572' title='bbox 1281 2050 1344 2086; x_wconf 80' lang='grc' dir='ltr'><strong>καὶ</strong></span> <span class='ocrx_word' id='word_1_573' title='bbox 1369 2049 1471 2093; x_wconf 78' lang='grc' dir='ltr'><strong><em>παρὰ</em></strong></span> <span class='ocrx_word' id='word_1_574' title='bbox 1504 2052 1690 2094; x_wconf 81' lang='grc' dir='ltr'><strong><em>Θεοκρίτῳ</em></strong></span> 
     </span>
     <span class='ocr_line' id='line_1_100' title="bbox 881 2096 1690 2153; baseline 0 -21"><span class='ocrx_word' id='word_1_575' title='bbox 881 2098 934 2140; x_wconf 91' lang='grc'><strong>(1,</strong></span> <span class='ocrx_word' id='word_1_576' title='bbox 959 2098 1049 2141; x_wconf 91' lang='grc'>52.)</span> <span class='ocrx_word' id='word_1_577' title='bbox 1085 2099 1120 2134; x_wconf 77' lang='grc' dir='ltr'><strong><em>οἱ</em></strong></span> <span class='ocrx_word' id='word_1_578' title='bbox 1145 2096 1186 2132; x_wconf 81' lang='grc' dir='ltr'><strong>δὲ</strong></span> <span class='ocrx_word' id='word_1_579' title='bbox 1213 2096 1450 2153; x_wconf 83' lang='grc' dir='ltr'><strong><em>άνθερίκους</em></strong></span> <span class='ocrx_word' id='word_1_580' title='bbox 1460 2097 1518 2133; x_wconf 79' lang='grc' dir='ltr'><strong>ἐπι</strong></span> <span class='ocrx_word' id='word_1_581' title='bbox 1542 2099 1612 2133; x_wconf 78' lang='grc' dir='ltr'><strong>τοῦ</strong></span> <span class='ocrx_word' id='word_1_582' title='bbox 1636 2099 1690 2132; x_wconf 84' lang='grc' dir='ltr'><strong><em>σί-</em></strong></span> 
     </span>
     <span class='ocr_line' id='line_1_101' title="bbox 879 2140 1689 2204; baseline 0.001 -27"><span class='ocrx_word' id='word_1_583' title='bbox 879 2156 948 2177; x_wconf 89' lang='grc' dir='ltr'><strong>του</strong></span> <span class='ocrx_word' id='word_1_584' title='bbox 967 2144 1104 2188; x_wconf 87' lang='grc' dir='ltr'><strong><em>φασιν,</em></strong></span> <span class='ocrx_word' id='word_1_585' title='bbox 1132 2142 1429 2184; x_wconf 77' lang='grc' dir='ltr'><strong><em>ἀκολουθοῦντες</em></strong></span> <span class='ocrx_word' id='word_1_586' title='bbox 1442 2140 1614 2204; x_wconf 83' lang='grc' dir='ltr'><em>Ησιόδῳ,</em></span> <span class='ocrx_word' id='word_1_587' title='bbox 1639 2144 1689 2180; x_wconf 79' lang='grc' dir='ltr'><strong><em>εἰ·</em></strong></span> 
     </span>
     <span class='ocr_line' id='line_1_102' title="bbox 881 2188 1689 2235; baseline 0.002 -11"><span class='ocrx_word' id='word_1_588' title='bbox 881 2188 991 2224; x_wconf 83' lang='grc' dir='ltr'><strong><em>πόντι</em></strong></span> <span class='ocrx_word' id='word_1_589' title='bbox 1011 2190 1093 2233; x_wconf 85' lang='grc' dir='ltr'><em>περι</em></span> <span class='ocrx_word' id='word_1_590' title='bbox 1118 2189 1299 2235; x_wconf 86' lang='grc' dir='ltr'><strong><em>Ἰφίκλου,</em></strong></span> <span class='ocrx_word' id='word_1_591' title='bbox 1331 2192 1400 2226; x_wconf 82' lang='grc' dir='ltr'><strong>τοῦ</strong></span> <span class='ocrx_word' id='word_1_592' title='bbox 1421 2190 1483 2225; x_wconf 91' lang='grc' dir='ltr'><strong>και</strong></span> <span class='ocrx_word' id='word_1_593' title='bbox 1508 2189 1547 2225; x_wconf 80' lang='grc' dir='ltr'><strong>ἐν</strong></span> <span class='ocrx_word' id='word_1_594' title='bbox 1571 2194 1689 2226; x_wconf 85' lang='grc' dir='ltr'><em>Βοιω-</em></span> 
     </span>
     <span class='ocr_line' id='line_1_103' title="bbox 880 2236 1687 2293; baseline 0.002 -23"><span class='ocrx_word' id='word_1_595' title='bbox 880 2237 942 2283; x_wconf 81' lang='grc' dir='ltr'><strong>τίᾳ</strong></span> <span class='ocrx_word' id='word_1_596' title='bbox 960 2236 1024 2282; x_wconf 90' lang='grc' dir='ltr'>(β’,</span> <span class='ocrx_word' id='word_1_597' title='bbox 1043 2238 1144 2293; x_wconf 90' lang='grc'>705.)</span> <span class='ocrx_word' id='word_1_598' title='bbox 1164 2236 1355 2281; x_wconf 82' lang='grc' dir='ltr'><strong><em>ῥηθέντος,</em></strong></span> <span class='ocrx_word' id='word_1_599' title='bbox 1373 2236 1430 2273; x_wconf 82' lang='grc' dir='ltr'><strong>ὅτι</strong></span> <span class='ocrx_word' id='word_1_600' title='bbox 1449 2236 1521 2272; x_wconf 85' lang='grc' dir='ltr'><strong>έπ“</strong></span> <span class='ocrx_word' id='word_1_601' title='bbox 1512 2251 1524 2271; x_wconf 89' lang='grc' dir='ltr'><strong>ι</strong></span> <span class='ocrx_word' id='word_1_602' title='bbox 1545 2250 1687 2282; x_wconf 88' lang='grc' dir='ltr'><strong><em>πυρα-</em></strong></span> 
     </span>
     <span class='ocr_line' id='line_1_104' title="bbox 879 2273 1687 2327; baseline 0.001 -9"><span class='ocrx_word' id='word_1_603' title='bbox 879 2273 1055 2326; x_wconf 80' lang='grc' dir='ltr'><strong><em>μίνους</em></strong></span> <span class='ocrx_word' id='word_1_604' title='bbox 1089 2280 1272 2327; x_wconf 86' lang='grc' dir='ltr'><strong><em>άθέρας</em></strong></span> <span class='ocrx_word' id='word_1_605' title='bbox 1312 2283 1449 2323; x_wconf 78' lang='grc' dir='ltr'><strong><em>ἐκεῖνος</em></strong></span> <span class='ocrx_word' id='word_1_606' title='bbox 1483 2282 1578 2319; x_wconf 87' lang='grc' dir='ltr'><strong><em>ε’θεε.</em></strong></span> <span class='ocrx_word' id='word_1_607' title='bbox 1623 2283 1687 2319; x_wconf 81' lang='grc' dir='ltr'><strong>καὶ</strong></span> 
     </span>
     <span class='ocr_line' id='line_1_105' title="bbox 877 2329 1686 2375; baseline -0.001 -11"><span class='ocrx_word' id='word_1_608' title='bbox 877 2331 1048 2373; x_wconf 79' lang='grc' dir='ltr'><strong><em>γίνεσθαί</em></strong></span> <span class='ocrx_word' id='word_1_609' title='bbox 1079 2342 1173 2374; x_wconf 86' lang='grc' dir='ltr'><em>φασι</em></span> <span class='ocrx_word' id='word_1_610' title='bbox 1195 2331 1255 2366; x_wconf 84' lang='grc' dir='ltr'><strong>καὶ</strong></span> <span class='ocrx_word' id='word_1_611' title='bbox 1279 2330 1321 2364; x_wconf 84' lang='grc' dir='ltr'>τό</span> <span class='ocrx_word' id='word_1_612' title='bbox 1349 2329 1548 2375; x_wconf 76' lang='grc' dir='ltr'><strong><em>ἀνθέρικος</em></strong></span> <span class='ocrx_word' id='word_1_613' title='bbox 1581 2331 1686 2374; x_wconf 87' lang='lat' dir='ltr'><strong>(haec</strong></span> 
     </span>
     <span class='ocr_line' id='line_1_106' title="bbox 878 2376 1685 2433; baseline 0.002 -24"><span class='ocrx_word' id='word_1_614' title='bbox 878 2377 1049 2410; x_wconf 86' lang='lat' dir='ltr'><strong>excidisse</strong></span> <span class='ocrx_word' id='word_1_615' title='bbox 1065 2383 1150 2421; x_wconf 80' lang='lat' dir='ltr'><strong>puto</strong></span> <span class='ocrx_word' id='word_1_616' title='bbox 1169 2382 1310 2433; x_wconf 83' lang='lat' dir='ltr'><strong>propter</strong></span> <span class='ocrx_word' id='word_1_617' title='bbox 1325 2377 1599 2411; x_wconf 86' lang='lat' dir='ltr'><strong>similitudinem.</strong></span> <span class='ocrx_word' id='word_1_618' title='bbox 1622 2376 1685 2411; x_wconf 85' lang='grc' dir='ltr'><strong>καὶ</strong></span> 
     </span>
     <span class='ocr_line' id='line_1_107' title="bbox 876 2420 1683 2468; baseline 0.001 -12"><span class='ocrx_word' id='word_1_619' title='bbox 876 2422 919 2458; x_wconf 80' lang='grc' dir='ltr'><strong>τὸ</strong></span> <span class='ocrx_word' id='word_1_620' title='bbox 944 2420 1117 2467; x_wconf 82' lang='grc' dir='ltr'><strong><em>άνθέριξ)</em></strong></span> <span class='ocrx_word' id='word_1_621' title='bbox 1140 2421 1179 2457; x_wconf 79' lang='grc' dir='ltr'><strong>ἐκ</strong></span> <span class='ocrx_word' id='word_1_622' title='bbox 1200 2424 1269 2458; x_wconf 79' lang='grc' dir='ltr'><strong>τοῦ</strong></span> <span class='ocrx_word' id='word_1_623' title='bbox 1286 2421 1387 2468; x_wconf 83' lang='grc' dir='ltr'><strong><em>άθήρ</em></strong></span> <span class='ocrx_word' id='word_1_624' title='bbox 1404 2422 1554 2467; x_wconf 80' lang='grc' dir='ltr'><strong><em>άθέρος,</em></strong></span> <span class='ocrx_word' id='word_1_625' title='bbox 1577 2425 1683 2458; x_wconf 85' lang='grc' dir='ltr'><strong><em>πλεο-</em></strong></span> 
     </span>
     <span class='ocr_line' id='line_1_108' title="bbox 875 2469 1684 2516; baseline 0 -14"><span class='ocrx_word' id='word_1_626' title='bbox 875 2470 1007 2516; x_wconf 79' lang='grc' dir='ltr'><strong><em>νασμῷ</em></strong></span> <span class='ocrx_word' id='word_1_627' title='bbox 1030 2470 1099 2504; x_wconf 82' lang='grc' dir='ltr'><strong>τοῦ</strong></span> <span class='ocrx_word' id='word_1_628' title='bbox 1123 2483 1155 2505; x_wconf 93' lang='grc' dir='ltr'><strong>ν.</strong></span> <span class='ocrx_word' id='word_1_629' title='bbox 1187 2469 1275 2503; x_wconf 90' lang='lat' dir='ltr'><strong>idem</strong></span> <span class='ocrx_word' id='word_1_630' title='bbox 1299 2475 1437 2510; x_wconf 85' lang='lat' dir='ltr'><strong>narrat,</strong></span> <span class='ocrx_word' id='word_1_631' title='bbox 1466 2475 1603 2503; x_wconf 86' lang='lat' dir='ltr'><strong>veteres</strong></span> <span class='ocrx_word' id='word_1_632' title='bbox 1627 2481 1684 2503; x_wconf 91' lang='lat' dir='ltr'><strong>re-</strong></span> 
     </span>
     <span class='ocr_line' id='line_1_109' title="bbox 876 2504 1682 2558; baseline -0.002 -9"><span class='ocrx_word' id='word_1_633' title='bbox 876 2521 966 2549; x_wconf 89' lang='lat' dir='ltr'><strong>ctum</strong></span> <span class='ocrx_word' id='word_1_634' title='bbox 982 2504 1107 2550; x_wconf 86' lang='lat' dir='ltr'><strong>dicere</strong></span> <span class='ocrx_word' id='word_1_635' title='bbox 1125 2514 1344 2558; x_wconf 77' lang='grc' dir='ltr'><strong><em>ἀνθέρικος,</em></strong></span> <span class='ocrx_word' id='word_1_636' title='bbox 1372 2520 1412 2549; x_wconf 89' lang='grc' dir='ltr'><strong>ιιι</strong></span> <span class='ocrx_word' id='word_1_637' title='bbox 1429 2515 1462 2548; x_wconf 86' lang='lat' dir='ltr'><strong>in</strong></span> <span class='ocrx_word' id='word_1_638' title='bbox 1481 2515 1548 2548; x_wconf 88' lang='lat' dir='ltr'><strong>illis</strong></span> <span class='ocrx_word' id='word_1_639' title='bbox 1566 2515 1682 2548; x_wconf 87' lang='lat' dir='ltr'><strong>nescio</strong></span> 
     </span>
     <span class='ocr_line' id='line_1_110' title="bbox 873 2559 1682 2619; baseline 0.002 -25"><span class='ocrx_word' id='word_1_640' title='bbox 873 2562 970 2606; x_wconf 89' lang='lat' dir='ltr'><strong>cujus</strong></span> <span class='ocrx_word' id='word_1_641' title='bbox 983 2561 1193 2619; x_wconf 84' lang='lat' dir='ltr'><strong>scriptoris:</strong></span> <span class='ocrx_word' id='word_1_642' title='bbox 1217 2563 1360 2618; x_wconf 80' lang='grc' dir='ltr'><strong><em>Λίβυες</em></strong></span> <span class='ocrx_word' id='word_1_643' title='bbox 1383 2561 1419 2596; x_wconf 79' lang='grc' dir='ltr'><strong><em>οὶ</em></strong></span> <span class='ocrx_word' id='word_1_644' title='bbox 1442 2559 1603 2604; x_wconf 85' lang='grc' dir='ltr'><strong><em>νομάδες</em></strong></span> <span class='ocrx_word' id='word_1_645' title='bbox 1627 2561 1682 2596; x_wconf 84' lang='grc' dir='ltr'><strong><em>οἰ-</em></strong></span> 
     </span>
     <span class='ocr_line' id='line_1_111' title="bbox 872 2605 1681 2663; baseline 0 -21"><span class='ocrx_word' id='word_1_646' title='bbox 872 2609 954 2647; x_wconf 85' lang='grc' dir='ltr'><strong><em>κίας</em></strong></span> <span class='ocrx_word' id='word_1_647' title='bbox 979 2606 1123 2651; x_wconf 84' lang='grc' dir='ltr'><strong><em>ε’χουσιν</em></strong></span> <span class='ocrx_word' id='word_1_648' title='bbox 1145 2608 1183 2650; x_wconf 81' lang='grc' dir='ltr'><strong>ἐξ</strong></span> <span class='ocrx_word' id='word_1_649' title='bbox 1205 2605 1410 2650; x_wconf 78' lang='grc' dir='ltr'><strong><em>ἀνθερίκου</em></strong></span> <span class='ocrx_word' id='word_1_650' title='bbox 1431 2606 1681 2663; x_wconf 85' lang='grc' dir='ltr'><strong><em>πεποιημένας</em></strong></span> 
     </span>
     <span class='ocr_line' id='line_1_112' title="bbox 871 2654 1680 2711; baseline 0.001 -24"><span class='ocrx_word' id='word_1_651' title='bbox 871 2654 1007 2697; x_wconf 80' lang='grc' dir='ltr'><strong><em>μικράς</em></strong></span> <span class='ocrx_word' id='word_1_652' title='bbox 1021 2655 1232 2711; x_wconf 88' lang='lat' dir='ltr'><strong>(perperam</strong></span> <span class='ocrx_word' id='word_1_653' title='bbox 1253 2655 1374 2688; x_wconf 91' lang='lat' dir='ltr'><strong>codd.</strong></span> <span class='ocrx_word' id='word_1_654' title='bbox 1397 2654 1567 2697; x_wconf 85' lang='grc' dir='ltr'><strong><em>μικρᾶς),</em></strong></span> <span class='ocrx_word' id='word_1_655' title='bbox 1591 2665 1680 2688; x_wconf 86' lang='grc' dir='ltr'><strong><em>οσον</em></strong></span> 
     </span>
     <span class='ocr_line' id='line_1_113' title="bbox 871 2699 1678 2742; baseline 0 -8"><span class='ocrx_word' id='word_1_656' title='bbox 871 2702 976 2741; x_wconf 86' lang='grc' dir='ltr'><strong><em>σκίας</em></strong></span> <span class='ocrx_word' id='word_1_657' title='bbox 1019 2713 1139 2736; x_wconf 86' lang='grc' dir='ltr'><strong><em>ενεκεν</em></strong></span> <span class='ocrx_word' id='word_1_658' title='bbox 1163 2706 1230 2735; x_wconf 84' lang='lat' dir='ltr'><strong>etc.</strong></span> <span class='ocrx_word' id='word_1_659' title='bbox 1272 2701 1333 2734; x_wconf 88' lang='lat' dir='ltr'><strong>sed</strong></span> <span class='ocrx_word' id='word_1_660' title='bbox 1367 2699 1493 2734; x_wconf 73' lang='lat' dir='ltr'><strong>Bahrio</strong></span> <span class='ocrx_word' id='word_1_661' title='bbox 1526 2706 1678 2742; x_wconf 79' lang='lat' dir='ltr'><strong>auctore,</strong></span> 
     </span>
     <span class='ocr_line' id='line_1_114' title="bbox 872 2743 1679 2788; baseline 0 -9"><span class='ocrx_word' id='word_1_662' title='bbox 872 2757 948 2780; x_wconf 86' lang='lat' dir='ltr'><strong>ann.</strong></span> <span class='ocrx_word' id='word_1_663' title='bbox 985 2746 1029 2780; x_wconf 86' lang='lat' dir='ltr'><strong>ad</strong></span> <span class='ocrx_word' id='word_1_664' title='bbox 1061 2747 1192 2781; x_wconf 89' lang='lat' dir='ltr'><strong>Herod.</strong></span> <span class='ocrx_word' id='word_1_665' title='bbox 1225 2745 1266 2787; x_wconf 91' lang='grc'><strong>4,</strong></span> <span class='ocrx_word' id='word_1_666' title='bbox 1304 2748 1380 2782; x_wconf 87' lang='grc'>190.</span> <span class='ocrx_word' id='word_1_667' title='bbox 1391 2771 1401 2787; x_wconf 93' lang='grc'><strong>,</strong></span> <span class='ocrx_word' id='word_1_668' title='bbox 1436 2743 1592 2788; x_wconf 79' lang='grc' dir='ltr'><strong><em>άνθέριξ</em></strong></span> <span class='ocrx_word' id='word_1_669' title='bbox 1625 2752 1679 2780; x_wconf 84' lang='lat' dir='ltr'><strong>est</strong></span> 
     </span>
     <span class='ocr_line' id='line_1_115' title="bbox 870 2791 1677 2838; baseline 0 -12"><span class='ocrx_word' id='word_1_670' title='bbox 870 2792 1047 2838; x_wconf 82' lang='lat' dir='ltr'><strong>asphodeli</strong></span> <span class='ocrx_word' id='word_1_671' title='bbox 1080 2793 1207 2834; x_wconf 87' lang='lat' dir='ltr'><strong>caulis,</strong></span> <span class='ocrx_word' id='word_1_672' title='bbox 1242 2791 1440 2835; x_wconf 74' lang='grc' dir='ltr'><strong><em>ἀνθέρικος</em></strong></span> <span class='ocrx_word' id='word_1_673' title='bbox 1468 2797 1579 2825; x_wconf 83' lang='lat' dir='ltr'><strong>autem</strong></span> <span class='ocrx_word' id='word_1_674' title='bbox 1600 2792 1677 2826; x_wconf 84' lang='lat' dir='ltr'><strong>fru-</strong></span> 
     </span>
     <span class='ocr_line' id='line_1_116' title="bbox 869 2837 1676 2893; baseline 0.001 -22"><span class='ocrx_word' id='word_1_675' title='bbox 869 2844 970 2880; x_wconf 85' lang='lat' dir='ltr'><strong>ctus;</strong></span> <span class='ocrx_word' id='word_1_676' title='bbox 1002 2850 1086 2893; x_wconf 84' lang='lat' dir='ltr'><strong>qua</strong></span> <span class='ocrx_word' id='word_1_677' title='bbox 1099 2840 1142 2873; x_wconf 89' lang='lat' dir='ltr'><strong>de</strong></span> <span class='ocrx_word' id='word_1_678' title='bbox 1170 2850 1210 2872; x_wconf 86' lang='lat' dir='ltr'><strong>re</strong></span> <span class='ocrx_word' id='word_1_679' title='bbox 1245 2838 1396 2872; x_wconf 83' lang='lat' dir='ltr'><strong>laudavit</strong></span> <span class='ocrx_word' id='word_1_680' title='bbox 1418 2837 1601 2882; x_wconf 82' lang='lat' dir='ltr'><strong>Spanhem.</strong></span> <span class='ocrx_word' id='word_1_681' title='bbox 1631 2838 1676 2872; x_wconf 84' lang='lat' dir='ltr'><strong>ad</strong></span> 
     </span>
    </p>
   </div>
   <div class='ocr_carea' id='block_1_14' title="bbox 865 2883 1673 3021">
    <p class='ocr_par' dir='ltr' id='par_1_19' title="bbox 865 2883 1673 3021">
     <span class='ocr_line' id='line_1_117' title="bbox 868 2883 1673 2925; baseline 0 -8"><span class='ocrx_word' id='word_1_682' title='bbox 868 2883 1002 2920; x_wconf 88' lang='lat' dir='ltr'><strong>Callim.</strong></span> <span class='ocrx_word' id='word_1_683' title='bbox 1025 2885 1058 2918; x_wconf 90' lang='grc' dir='ltr'><strong>ιι.</strong></span> <span class='ocrx_word' id='word_1_684' title='bbox 1077 2884 1112 2918; x_wconf 94' lang='lat' dir='ltr'><strong>in</strong></span> <span class='ocrx_word' id='word_1_685' title='bbox 1132 2884 1207 2918; x_wconf 89' lang='lat' dir='ltr'><strong>Del.</strong></span> <span class='ocrx_word' id='word_1_686' title='bbox 1237 2885 1327 2925; x_wconf 59' lang='lat'><strong>193„</strong></span> <span class='ocrx_word' id='word_1_687' title='bbox 1350 2884 1388 2917; x_wconf 92' lang='lat' dir='ltr'><strong>L.</strong></span> <span class='ocrx_word' id='word_1_688' title='bbox 1407 2884 1487 2918; x_wconf 86' lang='lat' dir='ltr'><strong>Bos.</strong></span> <span class='ocrx_word' id='word_1_689' title='bbox 1504 2883 1673 2918; x_wconf 86' lang='lat' dir='ltr'><strong>Observv.</strong></span> 
     </span>
     <span class='ocr_line' id='line_1_118' title="bbox 867 2908 1673 2976; baseline 0.001 -13"><span class='ocrx_word' id='word_1_690' title='bbox 867 2930 944 2964; x_wconf 88' lang='lat' dir='ltr'><strong>crit.</strong></span> <span class='ocrx_word' id='word_1_691' title='bbox 978 2941 1012 2976; x_wconf 89' lang='lat' dir='ltr'><strong>p.</strong></span> <span class='ocrx_word' id='word_1_692' title='bbox 1044 2931 1100 2964; x_wconf 87' lang='grc'><strong>40.</strong></span> <span class='ocrx_word' id='word_1_693' title='bbox 1134 2936 1169 2964; x_wconf 82' lang='lat' dir='ltr'><strong>et</strong></span> <span class='ocrx_word' id='word_1_694' title='bbox 1198 2908 1380 2965; x_wconf 87' lang='lat' dir='ltr'><strong>Theocriti</strong></span> <span class='ocrx_word' id='word_1_695' title='bbox 1412 2929 1560 2974; x_wconf 83' lang='lat' dir='ltr'><strong>interpp.</strong></span> <span class='ocrx_word' id='word_1_696' title='bbox 1594 2929 1614 2963; x_wconf 92' lang='lat' dir='ltr'><strong>l.</strong></span> <span class='ocrx_word' id='word_1_697' title='bbox 1644 2941 1673 2964; x_wconf 87' lang='lat' dir='ltr'><strong>c.</strong></span> 
     </span>
     <span class='ocr_line' id='line_1_119' title="bbox 865 2975 1673 3021; baseline -0.001 -10"><span class='ocrx_word' id='word_1_698' title='bbox 865 2975 1088 3011; x_wconf 83' lang='lat' dir='ltr'><strong>Dioscorides</strong></span> <span class='ocrx_word' id='word_1_699' title='bbox 1127 2978 1169 3017; x_wconf 79' lang='lat'>2,</span> <span class='ocrx_word' id='word_1_700' title='bbox 1206 2978 1282 3013; x_wconf 86' lang='lat'><strong>199.</strong></span> <span class='ocrx_word' id='word_1_701' title='bbox 1324 2976 1441 3011; x_wconf 87' lang='lat' dir='ltr'><strong>florem</strong></span> <span class='ocrx_word' id='word_1_702' title='bbox 1483 2975 1673 3021; x_wconf 79' lang='lat' dir='ltr'><strong>asphodeli,</strong></span> 
     </span>
    </p>
   </div>
  </div>
 </body>
</html>
