1877 3277
144 190 228 230 278

780 189 1178 231 ΟΜΗΡΟΥ

200 300 280 342 665
312 293 538 348 ἑστάμεναι
566 301 812 351 κρατερῶς,
843 298 950 367 μηδὲ
980 301 1210 350 τρωπᾶσθε
1240 297 1459 350 φόβονδε.
1457 302 1503 325 '“

378 350 462 402 ⁰529
491 353 625 395 εἰπων
655 353 822 408 ὤτρυνε
852 355 982 409 μένος
1012 355 1082 396 καὶ
1115 354 1260 409 θυμὸν
1291 353 1487 398 ἑκάστου

352 430 515 484 dispellit
539 433 700 468 Minerva
724 434 809 467 nube
794 446 842 466 ιιι
866 432 1030 465 divinitus
1053 434 1111 465 off
1115 444 1194 466 isam
1218 432 1325 467 oculis
1349 435 1572 469 Graecorum.
1607 446 1674 480 quo
1700 436 1790 470 facto

279 475 328 509 illi
351 475 495 521 impetus
519 479 615 522 TroJ
611 491 749 513 morum
774 479 980 523 reprimunt,
1011 478 1166 523 inprimis
1193 480 1289 523 Ajax.

309 536 423 574 τοῖσι
456 531 498 575 δ’
528 532 602 576 ἀπ’
637 533 885 602 ὀφθαλμῶν
913 533 1051 587 νέφος
1077 532 1234 588 ἀχλύος
1265 531 1375 577 ὦσεν
1402 534 1563 605 Ἀθήνη

311 588 562 632 θεσπέσιον·
603 589 721 646 μάλα
752 592 797 634 δέ
828 604 907 661 σφι
937 589 1057 662 φόως
1086 590 1224 644 γένετ’
1257 590 1593 646 ἀμφοτέρωθεν,

311 643 416 698 η’μὲν
445 649 554 699 πρὸς
583 651 704 702 νηῶν
733 664 805 690 και
836 647 1011 702 ὁμοιΐου
1044 647 1262 699 πολέμοιο

197 705 278 745 670
296 700 485 754 Έκτορα
516 703 561 745 δὲ
593 703 847 757 φράσσαντο
879 705 990 758 βοὴν
1019 702 1193 756 ἀγαθον
1221 704 1295 746 καὶ
1324 702 1544 758 ἑταίρους,

310 756 418 827 ἠμὲν
447 758 545 801 ὅσοι
575 760 836 814 μετόπισθεν
866 759 1120 830 ἀφέστασαν
1145 759 1245 803 οὐδ’
1278 759 1511 814 ἐμάχοντο,

305 811 377 867 ἠό’
413 813 537 857 ὅσσοι
565 817 684 868 παρὰ
713 818 843 872 νηυσι
872 815 1013 872 μάχην
1043 815 1252 883 ἐμάχοντο
1282 821 1455 871 &oyfflw

387 869 499 913 Οὐδ’
530 871 600 925 ἄρ’
635 871 696 915 ἐτ’
730 876 886 916 Αἴαντι
914 872 1176 942 μεγαλήτορι
1207 872 1369 944 ἥνδανε
1398 877 1530 930 θυμῷ

307 924 504 980 ἑστάμεν,
539 928 647 972 ἔνθα
676 946 756 982 περ
787 929 912 972 ἄλλοι
942 928 1194 983 ἀφέστασαν
1224 932 1313 979 υἷες
1340 913 1544 984 Ἀχαιῶν,

195 985 276 1026 675
306 980 399 1024 ἀλλ’
429 982 502 1038 ὅγε
531 989 651 1040 νηῶν
680 984 786 1040 ἴκρι’
821 985 1027 1055 ἐπῴχετο,
1057 984 1202 1040 μακρὰ
1233 984 1486 1041 βιβάσθων,

307 1055 432 1091 νωμα
464 1040 510 1083 δὲ
541 1042 699 1093 ξυστὸν
731 1044 838 1098 μέγα
867 1042 1092 1097 ναύμαχον
1123 1058 1169 1084 εν
1198 1042 1439 1098 παλάμῃσι,

303 1097 516 1163 κολλητον
526 1099 790 1169 βλήτροισι,
830 1100 1259 1162 δυωκαιεικοσίπηχυ

306 1149 436 1202 ὦςὸ“’

151 1237 259 1280 ,130
276 1246 341 1276 etc.
372 1260 416 1267 —
452 1243 713 1299 ἑστάμεναι
743 1247 937 1292 intelligen-

133 1285 210 1318 dum
234 1298 335 1321 sensu
352 1288 559 1334 imperativi.
579 1312 625 1317 —-
655 1295 935 1337 τρωπᾶσθε,

131 1331 319 1375 τρέπεσθε.
374 1336 463 1369 conf
484 1335 533 1378 π’,
554 1339 619 1381 95,
647 1340 773 1395 Odyss.
791 1353 834 1381 τ,
853 1341 935 1381 521,

133 1376 186 1418 ω’,
204 1380 285 1413 535.
307 1397 352 1405 —-
377 1380 600 1428 φόβονδε.
635 1383 688 1428 θ’,
710 1387 786 1421 139.
811 1385 934 1430 ,‚Virg.

132 1424 217 1457 Aen.
239 1427 299 1463 10,
322 1426 410 1462 280:
448 1441 536 1463 nunc
557 1432 712 1477 conjugis
739 1437 809 1467 esto
829 1432 935 1474 Quis-

131 1481 197 1515 que
223 1482 307 1504 suae
330 1474 476 1517 tectique
502 1487 652 1518 memor;
685 1490 774 1511 nunc
799 1489 935 1523 magna

130 1519 258 1559 reJerto
279 1518 388 1551 Facta
404 1526 565 1564 patrum,
590 1524 732 1558 laudes!
743 1527 768 1544 ‘⁶
795 1525 848 1558 Cl-

175 1564 296 1597 667—
309 1566 388 1600 672.
436 1567 550 1601 mirati
581 1573 661 1604 sunt
690 1574 775 1604 vett.
810 1569 935 1604 Critici

131 1608 328 1653 caliginem,
364 1622 465 1656 quam
487 1615 594 1648 oculis
614 1617 827 1650 Graecorum
844 1616 933 1649 offu-

128 1664 201 1688 sam
219 1666 309 1689 nunc
330 1656 436 1700 dicit,
470 1659 505 1693 in
531 1662 767 1706 superioribus
791 1674 857 1697 non
879 1661 933 1696 di-

128 1699 199 1742 xit,
233 1702 294 1735 sed
317 1703 401 1737 haec
429 1708 660 1742 tantummodo
688 1710 788 1743 5932
827 1707 934 1753 θέλγε

127 1744 168 1781 δὲ
184 1746 314 1790 θυμὸν
331 1746 495 1793 Ἀργείων
515 1758 581 1787 etc.
616 1765 732 1788 verum
750 1755 821 1788 late
837 1758 934 1800 patet

126 1792 332 1836 significatio
349 1797 446 1830 verbi
463 1797 629 1843 θέλγειν,
654 1812 716 1834 nec
734 1812 814 1835 raro
835 1801 934 1835 vide-

125 1850 199 1872 mus
216 1840 368 1875 homines
390 1848 478 1878 metu
498 1852 558 1879 aut
578 1846 632 1879 iia
649 1847 744 1880 velut
765 1858 932 1880 occoeca-

124 1885 167 1918 ri.
208 1885 284 1920 loca
303 1887 426 1943 similia
447 1891 478 1924 H
496 1892 651 1926 laudavit
668 1893 774 1926 haec:
803 1890 841 1934 ε’,
855 1893 932 1935 127,

123 1929 174 1973 π’,
195 1932 285 1975 567,
318 1946 362 1977 ρ,
383 1933 612 1979 643-650,
642 1936 690 1980 ν’,
713 1938 929 1975 321--341-

123 1996 169 2003 —
183 1978 335 2035 νέφος
368 1979 549 2026 αχλύος
573 1984 700 2019 dictum
725 1984 864 2019 videtur
889 1988 930 2019 ut

124 2022 283 2082 ἀνέμοιο
305 2025 448 2063 θνελλα
479 2035 514 2063 et
544 2029 692 2071 similia,
742 2030 791 2065 ita
817 2036 855 2064 ut
882 2031 931 2065 sit

123 2070 238 2116 νέφος
260 2070 438 2117 ἇχλυόεν,
470 2056 745 2131 quemadmo6um
771 2077 931 2112 κυάνεον

123 2117 238 2163 νέφος
254 2118 405 2162 dixitn',
423 2123 479 2157 66.
499 2127 534 2156 et
551 2121 606 2164 ψ’,
632 2124 709 2159 188.
733 2143 779 2147 -
802 2122 929 2167 μάλα

126 2183 169 2188 -
196 2165 440 2209 πολέμοιο.
502 2168 664 2213 utrinque
702 2170 759 2203 lux
802 2170 930 2204 aflulsit

123 2210 293 2254 Graecis,
317 2217 353 2246 et
372 2224 392 2246 a
410 2214 576 2257 navibus,
603 2220 638 2248 et
653 2226 672 2248 a
687 2227 827 2260 campo,
853 2217 885 2250 h.
899 2228 928 2250 e.

124 2256 308 2311 utrobique
335 2258 427 2292 clare
449 2260 615 2294 videbant
644 2261 777 2305 omnia,
815 2265 851 2294 et
876 2262 928 2295 in—

123 2304 242 2359 primis
282 2303 466 2339 Hectorem
514 2306 722 2362 comitesque
769 2309 853 2352 ejus.
885 2328 930 2332 ——

124 2346 336 2393 ὁμοιΐου.
392 2351 490 2385 malit
528 2353 562 2385 H
595 2350 768 2409 ὃμριιόφι
801 2353 931 2389 πτολέ-

122 2409 222 2440 μοιο.
269 2407 386 2451 quem
400 2410 433 2430 v.
457 2408 524 2431 ann
560 2399 603 2432 ad
631 2398 666 2441 ι’,
691 2399 785 2442 440,
818 2404 853 2434 et
883 2401 928 2434 cf.

122 2442 201 2478 554.
224 2460 268 2466 -—
294 2441 595 2488 φράσσαντο,
623 2443 791 2488 ἐνόησαν.
829 2447 930 2480 Sch.:

122 2486 340 2524 ἐθεάσαντο.
382 2490 427 2523 cs.
447 2489 576 2534 Odyss.
601 2490 644 2534 τ’,
667 2492 756 2533 485,
781 2490 835 2549 ψ’,
849 2494 928 2527 260.

123 2537 209 2580 Ap.:
234 2533 440 2580 ἐφράσθης.
476 2535 641 2581 ἐνόησας.
666 2557 711 2562 -
751 2537 867 2582 ἦμεν
884 2558 928 2563 —

121 2582 310 2628 θοησιν.
365 2582 457 2615 haud
494 2582 598 2617 dubie
632 2584 718 2618 (licit
751 2584 929 2618 excubito-

123 2639 196 2672 reS,
230 2627 290 2672 qui
315 2627 456 2661 alternis
482 2640 543 2673 per
566 2631 588 2664 3
614 2631 713 2664 horas
738 2631 929 2675 vigilabant

123 2680 182 2715 et,
206 2674 304 2707 hoste
328 2672 529 2716 invadente,
554 2677 774 2720 pugnabant,
801 2676 928 2710 ceteris

123 2721 339 2754 cessantibus
369 2719 497 2753 dormie
485 2700 706 2766 2’ntib11sque,
744 2723 853 2756 donec
876 2729 927 2755 et-

122 2766 187 2800 iam
211 2765 278 2811 ipsi
303 2770 542 2801 evocarentur
588 2768 692 2802 Rhes.
716 2770 767 2803 3·
801 2780 925 2812 τευχο

122 2809 272 2856 φόρων,
284 2830 323 2837 -
339 2810 387 2847 Οἱ
403 2811 643 2857 τετράμοιρον
659 2813 793 2854 νυκτὸς
810 2828 927 2858 φρου-

122 2857 193 2900 ρὰν
216 2856 347 2902 Πάσης
379 2860 550 2902 στρατιᾶς
579 2859 852 2904 προκάθηνται.
894 2873 927 2896 v.

122 2904 171 2937 ibi
195 2904 344 2950 intevpp.
372 2905 495 2949 Veget.
523 2906 583 2939 lib.
608 2908 661 2942 3.:
697 2908 780 2951 quia
803 2908 927 2950 impos-

121 2951 216 2983 sibile
247 2951 429 2985 videbatur
461 2952 498 2985 in
533 2953 680 2995 speculis
716 2964 779 2997 per
819 2958 928 2987 totam

123 3001 252 3029 noctem
295 2997 485 3042 vigilantes
516 3000 671 3044 singulos
710 3010 926 3042 permanere,

114 3043 175 3075 'nei
179 3054 196 3075 ο
222 3044 256 3075 ἱη
279 3042 299 3075 4
324 3048 441 3086 parles
463 3044 511 3078 ad
536 3046 748 3089 clepsydram
771 3051 850 3079 sunt
873 3046 926 3078 di-

469 1153 537 1197 ὅτ’
568 1154 680 1212 άνηρ
712 1158 883 1200 ι’πποισι
912 1158 1144 1212 κελητίζειν
1175 1162 1221 1199 εὑ
1253 1153 1400 1208 εἰδώς,

983 1247 1080 1280 visae
1113 1247 1280 1291 vigiliae,
1325 1250 1364 1279 ut
1399 1256 1467 1278 non
1498 1246 1647 1289 amplius
1685 1258 1790 1292 quam

983 1293 1092 1328 tribus
1114 1293 1207 1326 horis
1230 1303 1364 1325 necesse
1387 1293 1432 1325 sit
1455 1291 1617 1336 vigilare.
1855 1319 1857 1331 ,

1028 1339 1148 1374 673—
1160 1339 1239 1373 677.
1282 1338 1349 1371 fuit
1374 1338 1461 1382 Ajax
1484 1337 1575 1371 inter
1597 1337 1696 1380 illos,
1731 1340 1789 1385 qui

982 1387 1055 1419 tum
1089 1386 1291 1424 cessabant,
1330 1395 1394 1416 nee
1425 1383 1586 1417 excubias
1619 1386 1789 1428 agebant3

981 1431 1042 1464 sed
1066 1442 1180 1465 morae
1204 1428 1385 1475 impatiens
1409 1429 1556 1474 proripit
1579 1440 1618 1464 se
1641 1432 1684 1465 ab
1706 1431 1787 1474 illis,

981 1481 1016 1510 et
1037 1482 1137 1511 conto
1163 1482 1313 1511 armatus
1337 1476 1493 1509 tabulata
1516 1475 1650 1509 navium
1666 1489 1788 1511 ascen-

981 1522 1045 1557 dit.
1068 1542 1114 1547 -
1138 1524 1239 1558 Scin:
1274 1522 1418 1565 ἴκρια.
1455 1520 1565 1564 (684,
1589 1524 1679 1563 728,
1717 1524 1785 1558 Od.

980 1567 1020 1610 ε’,
1045 1570 1111 1605 163
1130 1570 1217 1612 etc.)
1250 1567 1296 1603 τοὶ
1315 1566 1605 1610 καταστρώματα
1628 1570 1704 1603 τῶν
1730 1583 1788 1605 νε-

981 1615 1055 1658 ῶν,
1086 1614 1134 1650 τοὶ
1167 1613 1417 1658 σανιδώματα.
1454 1614 1608 1657 (Scholl.
1645 1616 1788 1651 Veneti:

979 1661 1091 1705 ἰ’.κρια
1141 1661 1177 1697 οὶ
1207 1660 1273 1704 μὲν
1301 1659 1350 1696 τοὶ
1379 1659 1683 1705 καταστρώματα.
1719 1665 1787 1707 [ta-

982 1709 1105 1741 bulata
1128 1709 1291 1746 navium,
1323 1718 1430 1751 germ.
1464 1706 1529 1740 das
1552 1707 1706 1742 Verdeck
1727 1710 1787 1743 des

980 1754 1128 1798 Schzffs]
1176 1754 1213 1789 οἱ
1253 1751 1293 1789 δὲ
1327 1767 1374 1788 τα
1408 1752 1504 1788 κατὰ
1537 1752 1691 1811 πρῴραν
1724 1769 1786 1791 και

978 1801 1150 1858 πρύμναν
1185 1813 1235 1841 ως
1263 1798 1522 1854 σανιδώματα.
1575 1797 1601 1855 ἢ
1632 1799 1679 1835 τοὶ
1714 1801 1786 1845 ἐξέ-

977 1859 1091 1891 χοντα
1117 1844 1224 1890 ἄκρα.
1258 1840 1281 1890 ἢ
1301 1845 1368 1887 τοὶς
1390 1845 1616 1890 καταγωγάς.
1641 1847 1688 1892 [2]
1706 1859 1786 1894 pos-

978 1897 1058 1927 sunt
1081 1893 1168 1927 haec
1202 1893 1292 1926 inter
1325 1903 1363 1926 se
1387 1891 1588 1934 conciliari,
1625 1905 1700 1927 cum
1724 1906 1786 1929 no·
1795 1899 1800 1902 ”
1836 1919 1839 1927 .
1873 1916 1876 1923 -

977 1943 1048 1973 tum
1072 1939 1134 1980 sit,
1158 1938 1217 1973 illa
1243 1943 1358 1972 aetate
1377 1949 1481 1972 naves
1504 1950 1570 1972 non
1588 1942 1701 1980 totas,
1725 1940 1785 1974 sed

976 1996 1098 2020 versus
1121 1996 1258 2030 proram
1289 1991 1325 2018 et
1357 1984 1494 2030 puppim
1525 1989 1656 2019 tantum
1681 1986 1805 2021 fuisse.
1834 2004 1838 2044 ξ
1866 1980 1871 1994 ⁵

977 2035 1172 2066 constratas
1207 2032 1356 2074 tabulis,
1394 2037 1516 2075 aperta
1538 2030 1662 2066 relicta
1685 2037 1786 2078 parte
1833 2045 1836 2078 ξ

976 2077 1106 2119 media,
1136 2078 1173 2110 in
1204 2088 1272 2122 qua
1304 2076 1449 2120 remiges
1479 2075 1663 2118 sedebant3
1699 2090 1786 2121 quae
1832 2085 1835 2115 J

979 2134 1059 2168 pars
1087 2123 1276 2178 appellata
1291 2123 1359 2157 fuit
1391 2122 1535 2162 ἄντλος.
1583 2124 1674 2158 conf.
1705 2124 1785 2160 728.
1831 2122 1835 2174 J
1866 2149 1873 2175 ²1

976 2169 1054 2260 ἓίηῃςο
1080 2169 1186 2260 0136:
1164 2180 1208 2203 SS
1200 2182 1280 2250 (ᾖξ’
1289 2168 1670 2271 ’ἰέἕιῖφῗνωίἔμῑῗὲἰῖ
1673 2169 1783 2260 fga
1831 2202 1834 2227 f
1866 2244 1877 2273 d

977 2263 1046 2297 τοῦ
1080 2262 1214 2304 ἰκρ.ιου
1270 2260 1362 2307 λέγει
1400 2261 1440 2297 δὲ
1473 2261 1592 2305 ἴκριον
1622 2263 1686 2298 καὶ
1716 2262 1784 2307 τήν

977 2309 1045 2343 τοῦ
1077 2306 1303 2355 κυβερνήτου
1336 2307 1528 2352 καθέδραν
1551 2312 1618 2342 etc.
1663 2309 1782 2343 simili—
1828 2314 1831 2350 «³
1867 2301 1877 2352 J

977 2360 1031 2388 ter
1055 2355 1107 2396 E,
1144 2355 1296 2398 Hesych.
1309 2379 1319 2397 ‚
1355 2355 1493 2399 Etym„
1525 2354 1641 2388 Schol.
1671 2356 1782 2401 Apoll.
1828 2401 1829 2404 Ἴ
1867 2354 1875 2390 ἵ

979 2379 1534 2456 R110d.1‚566.EJ.-11.T.cf
1561 2400 1696 2445 Spitzn.
1726 2413 1783 2446 ap.

977 2447 1236 2480 KetNitzsch.
1258 2446 1443 2491 adOdyss.
1467 2445 1506 2488 ε’,
1530 2448 1608 2482 163.
1631 2451 1667 2481 et
1684 2448 1784 2490 252.)
1826 2425 1829 2458 ’
1866 2427 1877 2458 ”

975 2493 1234 2548 βιβάσθων.
1272 2491 1335 2535 (ν’
1352 2494 1452 2537 809.)
1483 2494 1636 2549 βαίνων.
1671 2494 1780 2537 (conf
1826 2503 1827 2506 ’
1865 2493 1877 2544 ‘2

1365 2541 1434 2575 238
1453 2540 1538 2583 etc.)
1562 2540 1634 2575 νῦν
1656 2540 1741 2584 διέφ
1714 2552 1777 2598 (pes
1823 2564 1827 2586 .;
1871 2546 1875 2550 '

976 2541 1073 2583 685.)
1097 2537 1253 2597 νώμα.
1278 2539 1343 2584 (η’,

974 2596 1056 2628 ρεν,
1089 2584 1210 2621 sulm
1258 2553 1443 2627 ξυστόν.
1480 2585 1597 2629 (388.)
1629 2584 1780 2629 ἐξυσμέ-
1822 2611 1825 2619 .

974 2644 1053 2666 νον.
1079 2632 1182 2687 (ἰιιιοε
1209 2630 1301 2675 δόρυ
1328 2631 1396 2674 ἐξ.)
1429 2631 1672 2688 κολλητόν.
1714 2631 1780 2688 (δ’,
1866 2681 1868 2688 .

974 2679 1064 2719 366,
1091 2676 1132 2720 λ,
1161 2679 1226 2714 198
1245 2679 1331 2734 etc.)
1356 2676 1630 2736 κεκολλημένον.
1670 2677 1781 2733 {3235-

974 2736 1148 2766 τροισι.
1196 2728 1275 2764 τοῖς
1292 2723 1387 2758 κατα
1408 2722 1474 2764 τὰς
1494 2723 1675 2768 ἁρμονίας
1692 2723 1777 2769 7651.-
1819 2727 1823 2769 J
1866 2709 1877 2772 ’ζ

976 2783 1088 2815 φοις,
1113 2774 1191 2811 τοῖς
1215 2769 1416 2814 ἐπιούροις.
1465 2771 1580 2804 schol.
1605 2772 1664 2805 A.:
1689 2783 1779 2816 συμ-
1821 2787 1822 2791 ’
1871 2773 1876 2782 “

975 2816 1132 2872 βλήμασι
1156 2816 1216 2852 καὶ
1241 2819 1481 2859 συμπλοκαῖς.
1513 2817 1693 2862 ,,βλῆτρα,
1714 2829 1779 2851 von
1819 2825 1822 2836 ’

974 2861 1142 2907 βάλλειν,
1178 2861 1437 2908 οἶμφιβάλλειν,
1469 2862 1526 2896 die
1554 2863 1670 2908 Ringe
1696 2864 1779 2897 ode·
1818 2898 1821 2902 ,

975 2909 1187 2950 Klammern,
1231 2910 1348 2943 womit
1379 2909 1435 2943 die
1471 2908 1594 2943 beiden
1625 2911 1778 2955 Stangen
1817 2908 1821 2942 2

975 2955 1329 2998 zusammengehalten
1354 2955 1510 2989 wurden.
1520 2958 1545 2975 “·
1569 2956 1603 2989 E
1624 2957 1670 2991 K.
1816 2960 1819 2966 ”

1021 3003 1142 3037 678—
1152 3003 1229 3036 683.
1263 3005 1439 3055 comparat
1458 3002 1594 3046 Ajacem
1619 3013 1693 3036 cum
1720 3001 1780 3035 de·
1814 3020 1817 3026 ·
1868 2995 1875 3011 ’

974 3048 1113 3091 sultore,
1139 3049 1233 3092 cujus
1258 3055 1293 3082 et
1317 3047 1351 3082 in
1370 3048 1531 3091 Odyssea
1555 3048 1718 3090 meminit,
1745 3046 1768 3083 ε’
1773 3071 1783 3088 ,
1814 3071 1817 3102 3
