1877 3277
22 719 29 902 ἱ

613 137 1049 181 ΙΛΙΑΛΟΣ
1106 139 1165 180 Ν.

1657 144 1740 184 159

225 249 458 305 Θρηϊκίης·
489 248 620 292 ε’νθεν
646 248 732 305 γὰρ
762 248 967 304 ἐφαίνετο
997 251 1117 292 πᾶσα
1146 246 1227 319 μὲν
1243 246 1355 304 Ἴδη,

222 308 406 358 φαίνετο
437 304 484 348 δὲ
515 305 739 375 Πριάμοιο
769 306 922 358 πόλις,
956 306 1030 349 καὶ
1060 309 1162 360 νῆες
1185 303 1383 375 Ἀχαιῶν.

142 366 194 409 15
225 361 324 406 ἔνθ’
358 361 432 417 ἄρ’
466 361 538 418 ὅγ’
568 362 612 414 ἐξ
642 361 749 414 ἆλός
778 361 886 416 ξ”ζετ

918 361 1024 406 ἰών’
1055 362 1222 417 ἐλέαιρε
1256 359 1297 405 δ’
1328 361 1542 433 Ἀχαιούς,

228 419 400 474 Τρωσὶν
430 419 762 490 δαμναμένους,
793 421 874 462 Διὶ
901 420 948 463 δὲ
978 423 1199 473 κρατερῶς
1230 417 1452 474 ἐνεμέσσα.

299 475 471 519 Αὐτίκα
503 473 550 518 δ’
579 476 622 526 ἐξ
652 475 778 528 ὄρεος
807 476 1072 548 κατεβήσετο
1101 475 1438 528 παιπαλόεντος,

224 532 418 586 κραιπνὰ
446 532 552 575 ποσὶ
581 533 824 588 προβιβάς·
856 532 982 588 τρέμε
1012 532 1058 577 δ’
1090 531 1226 585 οὔρεα
1255 532 1404 589 μακρὰ
1431 533 1507 576 καὶ
1536 533 1622 591 ὕλη

221 590 382 633 ποσσὶν
409 587 491 632 ’ὑπ’
526 589 791 633 ἀθανατοισι
819 589 1131 641 Ποσειδάωνος
1160 588 1320 641 ἰόντος.

135 652 191 691 20
220 647 311 700 τρὶς
324 645 420 716 μὲν
449 643 623 699 ὀρέξατ’
652 646 756 698 ἰών,
784 646 835 690 τὸ
866 649 913 690 δὲ
943 646 1150 702 τέτρατον
1179 648 1294 690 ἵκετο
1324 645 1515 701 τέκμωρ,

218 701 380 758 Αἰγας,
413 702 524 746 ἔνθα
555 702 602 746 δέ
633 705 678 746 οἵ
705 702 844 747 κλυτὰ
874 703 1056 773 δώματα
1085 703 1264 759 βένθεσι
1293 705 1461 760 λίμνης,

217 760 402 832 χρύσεα,
437 760 766 832 μαρμαίροντα,
796 759 1063 816 τετεύχαται,
1093 760 1262 816 ἄφθιτα
1292 761 1388 804 αἰεί.

223 816 324 861 ἔνθ’
354 816 498 861 ἐλθών
533 815 613 860 ὑπ’
645 816 802 873 ὄχεσφι
831 818 1055 862 τιτύσκετο
1081 815 1328 874 χαλκόποδ’
1357 819 1490 872 ι’ππω,

52 968 140 1013 μεν.
167 960 203 988 et
223 954 389 1009 Excerpt.
415 952 494 986 libri
519 953 571 996 7.‚
596 952 653 988 24.
669 965 678 986 2
703 951 866 989 ἐκαλεῖτο

54 1001 95 1038 δὲ
119 999 142 1045 ἡ
168 999 404 1046 Σαμοθρᾴκῃ
429 998 559 1042 Σάμος
583 1000 683 1045 πρίν.
720 1001 764 1033 cf.
794 1001 868 1034 He-

53 1049 150 1093 sych.
174 1053 211 1081 et
234 1036 360 1080 Suidas
384 1046 596 1079 emendatus,
637 1046 759 1080 habuit
780 1047 868 1080 haec

54 1097 176 1129 Samus
201 1098 237 1126 et
262 1092 396 1126 nomina
417 1094 612 1128 Δευκωνία
635 1092 710 1126 sive
723 1095 867 1128 Λευκα-

52 1143 128 1182 via,
155 1139 275 1174 Melite
299 1143 336 1172 et
359 1138 449 1172 alia.
474 1150 508 1172 v.
528 1138 559 1171 Ε
585 1139 628 1172 ad
647 1137 700 1180 ω’,
717 1141 775 1182 78,
792 1140 867 1173 He-

53 1187 175 1223 raclid.
197 1186 233 1219 in
251 1186 372 1229 sragm.
396 1185 524 1225 Polie,
549 1184 725 1221 Strabol.
746 1197 775 1218 c.
799 1190 865 1220 etc.

54 1235 98 1268 de
119 1238 285 1278 tempore,
310 1243 377 1276 quo
397 1231 624 1265 Samothrace
644 1231 719 1265 sive
743 1233 865 1265 Samo-

53 1279 190 1315 thracia
212 1278 327 1322 (Virg.
350 1279 434 1312 Aen.
459 1279 501 1318 7,
507 1279 621 1336 73208.)
647 1278 682 1311 di
686 1278 718 1311 ci
738 1289 866 1323 coepe-

53 1327 123 1368 rit,
147 1325 248 1359 seha
275 1321 415 1368 Σαμιοι
438 1323 475 1358 οἱ
500 1322 539 1358 ἐν
561 1323 683 1371 Ἰωνίᾳ
699 1324 790 1366 μετὰ
809 1327 865 1359 δι-

53 1369 274 1408 ακοσιοστὸν
309 1383 341 1404 κ.
366 1369 499 1405 ἔνατον
526 1369 608 1411 ἔτος
643 1384 718 1405 των
747 1374 865 1414 Τρωϊ-

52 1422 129 1455 κιῦν
150 1416 311 1476 χρησμὸν
336 1415 371 1451 ε’).
376 1418 469 1461 αβον
487 1415 590 1462 παρὰ
608 1419 677 1452 τοῦ
695 1420 864 1460 Πυθίου

54 1469 107 1507 εἰς
128 1466 197 1511 τήν
221 1463 259 1499 ἐν
290 1463 439 1508 Τρωάδι
464 1464 526 1507 (ιι.
551 1476 582 1498 e.
616 1476 738 1522 prope
750 1466 865 1498 Troa-

53 1514 157 1557 dem)
197 1508 348 1567 Θρᾴκην
380 1512 608 1565 μετοικῆσαι.
661 1509 738 1555 ἀφ’
764 1507 815 1546 ὧν
840 1508 863 1555 ἡ

54 1557 291 1617 Σαμοθρᾴκῃ
315 1555 617 1602 προσηγορεύθη.
666 1556 688 1603 ἡ
720 1557 865 1602 ἱστορία

51 1605 152 1650 παρὰ
173 1603 400 1649 Ἀπολλοδιόρ
405 1619 444 1648 ῳ.
489 1605 532 1639 cf.
557 1604 674 1638 Schol.
704 1605 734 1637 A
760 1612 795 1639 et
803 1572 862 1639 εἘ-

51 1659 132 1688 ante
155 1652 289 1686 Samios
314 1651 473 1685 Thraces
504 1650 665 1694 Pelasgis
693 1651 864 1685 admixtos

51 1700 140 1734 hanc
161 1699 306 1733 insulam
329 1697 534 1737 incoluisse,
566 1696 674 1731 tradit
706 1698 751 1731 H.
778 1697 862 1731 Dio-

50 1746 171 1801 nysius
206 1744 345 1788 Perieg.
369 1742 473 1779 5244
498 1740 666 1803 Ἴμβρος,
704 1745 862 1789 Θρηϊκίη

49 1806 88 1828 τε
113 1789 265 1835 Σαμος,
290 1787 555 1835 Κορυβάντων
579 1790 683 1826 ἂστυ.
735 1791 862 1825 Cellar.

49 1841 83 1874 2.
110 1851 144 1884 p.
171 1839 295 1872 1330·
318 1836 564 1880 „Corybantes
593 1836 636 1869 ad
660 1836 863 1882 religionem

49 1886 116 1919 loci
139 1883 335 1938 pertinent,
367 1883 448 1927 quia
472 1882 672 1916 venerabile
705 1884 753 1917 ibi
776 1888 864 1917 tem-

49 1932 139 1986 plum
152 1930 231 1969 fuit,
251 1930 349 1973 cujus
365 1928 467 1963 etiam
490 1928 581 1962 Plut.
601 1929 751 1963 meminit
763 1930 861 1964 Pom-

48 1978 128 2032 pejo
157 1989 190 2022 p.
211 1977 289 2011 631.
315 1975 364 2009 ibi
388 1989 434 2010 τα
458 1972 496 2010 ἐν
527 1974 765 2021 Σαμοθρᾴκῃ
793 1989 862 2020 μυ-

49 2022 201 2068 στήρια,
224 2023 432 2056 initiationis
455 2023 640 2065 mysteria,
673 2027 711 2057 ut
733 2024 861 2057 Strabo

49 2071 84 2104 in
110 2069 296 2114 Excerptis
320 2069 400 2102 libri
423 2069 456 2102 7.
482 2074 597 2110 vocat,
623 2069 861 2112 tradebantur,

50 2129 116 2151 non
141 2115 282 2150 minoris
307 2115 488 2182 aestimata
511 2126 611 2159 quam
643 2115 861 2149 Eleusinia“

49 2168 116 2197 etc.
149 2163 236 2197 Plin.
261 2163 293 2196 4.
319 2162 340 2194 l.
367 2173 397 2195 c.
443 2179 489 2186 —-
518 2162 636 2195 insula
655 2163 862 2196 Samothra-

49 2221 109 2251 ce,
134 2221 222 2253 quae
243 2210 370 2249 libera,
396 2213 478 2240 ante
499 2207 651 2242 Hebrum
673 2213 740 2242 etc.

97 2257 195 2290 16-
209 2257 260 2290 18.
310 2252 557 2297 ἐνεμέσσα.
602 2253 674 2299 (δ’,
700 2256 790 2298 507,

51 2300 117 2338 145
139 2301 224 2346 etc.)
257 2300 456 2356 ἐμέμφετο,
500 2313 629 2335 παιπ.
667 2299 734 2345 (μ’,
759 2302 859 2346 168.)

48 2349 210 2393 τραχέος.
242 2345 468 2406 κραιπνά.
495 2346 553 2390 (ε’,
565 2348 735 2391 223etc.)
757 2362 861 2392 κραι-

48 2396 170 2437 πνῶς,
201 2395 349 2439 ταχέως.
383 2395 466 2427 Sch.
503 2413 543 2416 —
576 2393 756 2437 ,,τρε’με
789 2400 858 2429 etc.

49 2447 265 2475 contremunt
283 2446 414 2475 montes
435 2445 469 2473 et
488 2440 597 2475 silvae
616 2441 792 2485 gravitate
804 2442 859 2475 in-

48 2488 205 2521 cedentis
236 2487 302 2520 dei.
355 2498 388 2520 v.
414 2485 461 2527 α’,
494 2488 581 2527 530,
617 2486 654 2529 ε’,
681 2489 769 2527 839,
804 2486 858 2529 θ,

50 2535 136 2574 199,
161 2535 269 2569 443.“
293 2534 336 2567 Κ.
367 2533 413 2566 cf.
441 2531 487 2573 α’,
513 2532 576 2574 46,
595 2533 652 2568 47.
679 2540 714 2568 et
732 2535 775 2568 de
794 2535 858 2568 ho—

49 2579 138 2614 mine
162 2579 261 2636 Virg.
284 2583 368 2613 Aen.
387 2580 427 2619 6,
453 2579 668 2616 411—414.

94 2628 152 2661 20.
198 2621 401 2669 ὀρέξατ’.
437 2624 612 2667 ἐξέτεινε,
638 2625 755 2672 διέβη.
773 2627 857 2660 Sch.

49 2671 92 2706 de
114 2673 246 2706 incessu
271 2673 412 2706 deorum
436 2672 485 2705 ita
511 2651 650 2706 disse’rit
667 2673 699 2706 J.
711 2674 754 2706 H.
772 2673 859 2707 Vos—

48 2717 118 2751 sius
136 2719 192 2762 My
196 2720 278 2752 thol.
298 2719 382 2759 Rr.‚
399 2720 457 2754 22.
482 2719 561 2759 Br.,
587 2719 654 2752 vol.
677 2722 750 2764 1.p
729 2731 763 2764 p.
780 2719 856 2754 144.

48 2765 82 2797 2.
100 2731 192 2798 ed.:y
195 2765 338 2807 „Durch
369 2764 423 2798 die
443 2765 677 2798 Zauberkrast
697 2765 759 2799 der
782 2766 858 2809 gol-

0 2843 1 2848 ,
50 2809 157 2843 denen
187 2810 435 2844 ambrosischen
473 2812 576 2844 Solen
607 2811 749 2845 werden
782 2812 858 2845 Ho-

49 2866 137 2889 mers
157 2857 286 2890 Gotter
304 2857 391 2890 hoch
413 2857 500 2890 iiber
514 2858 656 2890 VVasser
676 2857 743 2890 und
759 2857 858 2891 Land

49 2906 226 2946 getragen.
284 2904 376 2937 Aber
407 2903 507 2937 wie?
550 2904 765 2937 Schwebend
798 2904 859 2937 mit

48 2948 309 2991 geschlossenen
333 2949 485 2992 Fiissen,
512 2950 581 2983 wie
606 2962 730 2983 unsere
747 2950 859 2994 Engel

47 2993 116 3027 und
135 2993 350 3040 Gespenster
371 2995 579 3041 hingleiten3
609 2997 693 3031 oder
717 2997 752 3030 in
775 2996 860 3031 weit

913 955 1215 1000 geschwungenen
1227 954 1405 990 Schritten
1423 954 1608 989 wandelnd
1621 955 1640 989 2
1660 956 1733 990 Fiir

913 1001 974 1035 das
992 1001 1100 1035 letzte
1122 1002 1281 1036 erklaren
1299 1003 1374 1036 sich
1395 1003 1465 1036 fast
1486 1002 1652 1048 einhellig
1675 1003 1732 1037 die

914 1048 1007 1081 alten
1036 1047 1217 1093 Ausleger.
1243 1068 1288 1073 —
1322 1049 1376 1093 (p.
1403 1048 1502 1092 147.)
1550 1050 1629 1082 Und
1654 1049 1733 1083 kein

914 1093 1084 1134 Zweifel,
1111 1095 1190 1128 dass
1207 1095 1256 1128 sie
1273 1094 1403 1138 richtig
1420 1096 1516 1129 salin.
1567 1096 1679 1129 Nicht
1697 1095 1733 1128 in

913 1140 1122 1184 gleitendem
1143 1141 1221 1185 Zug
1242 1141 1417 1175 streichen
1445 1142 1502 1174 die
1522 1142 1731 1176 Gottheiten

913 1187 977 1219 auf
997 1187 1095 1220 ihren
1118 1187 1224 1220 Solen
1258 1187 1366 1220 durch
1399 1188 1456 1221 die
1488 1188 1617 1229 Liiste3
1650 1200 1731 1222 son-

912 1233 998 1266 dern
1024 1233 1085 1266 mit
1108 1233 1342 1277 Leichtigkeit
1367 1245 1402 1267 u.
1428 1234 1533 1268 Kraft
1558 1235 1730 1269 ansezend

911 1280 974 1312 auf
995 1279 1103 1312 festes
1125 1280 1235 1321 Land‚
1265 1280 1330 1313 auf
1344 1280 1488 1314 Wasser
1502 1281 1588 1315 oder
1601 1281 1728 1323 Dunst,

909 1325 1035 1359 fabren
1059 1325 1110 1359 sie
1133 1326 1168 1359 in
1187 1326 1366 1360 Schritten
1382 1338 1450 1360 von
1468 1330 1728 1362 staunenswur-

912 1371 1012 1415 diget
1036 1372 1273 1416 Ausdehnung
1297 1372 1427 1406 einher.
1454 1393 1497 1399 —-
1530 1375 1592 1418 (p.
1620 1374 1729 1417 149.)

911 1417 1017 1451 Diese
1057 1419 1396 1452 iibermenschlichen
1433 1419 1631 1465 Schwiinge
1667 1420 1729 1455 des

911 1464 1065 1507 magisch
1084 1466 1282 1499 erhobeuen
1308 1465 1516 1499 Fusstrittes
1542 1467 1625 1501 malt
1651 1467 1728 1501 Ho-

911 1521 983 1543 mer
1007 1522 1049 1544 an
1075 1512 1255 1545 mehreren
1286 1512 1418 1545 Stellen
1453 1513 1727 1556 (Il.13,16·;

913 1556 980 1597 14,
1005 1558 1097 1597 225ς
1124 1558 1203 1602 Ody
1206 1569 1251 1592 55.
1271 1559 1314 1600 5,
1339 1556 1396 1593 49.
1418 1560 1504 1603 etc.)
1528 1570 1566 1593 so
1594 1571 1727 1605 augen-

910 1603 1119 1647 scheinlich‚
1145 1604 1225 1638 dass
1252 1615 1289 1639 es
1318 1605 1454 1638 schwer
1480 1617 1522 1638 zu
1547 1607 1728 1650 begreifen

910 1649 979 1690 ist,
1003 1650 1071 1684 wie
1092 1630 1169 1684 nian
1197 1662 1262 1684 von
1291 1651 1367 1684 dem
1390 1651 1635 1696 grillenhaften
1653 1654 1728 1687 He-

910 1677 1023 1730 liodor
1044 1696 1233 1741 (Aethiop.
1256 1698 1288 1733 3.
1315 1708 1348 1741 p.
1375 1697 1480 1742 148.)
1516 1698 1590 1732 sich
1625 1699 1726 1734 einen

909 1742 1085 1776 schrittlos
1102 1743 1299 1787 gleitenden
1320 1745 1400 1789 Zug
1417 1744 1477 1778 hat
1496 1745 1632 1779 kfinnen
1649 1747 1728 1781 auf—

910 1789 1030 1822 heften
1049 1789 1202 1823 lassen.“
1235 1790 1279 1823 cf.
1306 1802 1382 1823 ann.
1408 1790 1451 1824 ad
1472 1791 1529 1826 44.
1571 1792 1725 1826 sublimi-

909 1839 1016 1869 tatem
1053 1836 1155 1880 hujus
1182 1836 1248 1869 loci
1280 1836 1461 1881 praedicat
1490 1838 1666 1882 Longinus
1691 1841 1725 1873 9.

909 1892 936 1914 s.
960 1883 1015 1923 8.,
1040 1882 1098 1915 ubi
1120 1886 1251 1926 partem
1271 1883 1391 1916 horum
1409 1895 1571 1918 versuum
1592 1886 1725 1919 adscri—

910 1927 1001 1981 psit,
1036 1928 1167 1962 decimo
1198 1935 1322 1962 octavo
1350 1930 1538 1973 subjectis,
1573 1931 1647 1966 sive
1680 1933 1724 1966 ab

908 1974 1001 2018 ipso,
1026 1974 1100 2008 sive
1128 1975 1171 2008 ab
1196 1974 1465 2033 interpolatore,
1492 1977 1568 2011 istis
1600 1990 1643 2012 ex
1675 1977 1724 2020 ν’,

909 2022 988 2055 60.
981 2033 988 2041 ·
1012 2021 1076 2056 καὶ
1101 2021 1286 2066 κορυφαὶ,
1317 2020 1456 2066 Τρωων
1479 2036 1517 2059 τε
1540 2023 1663 2067 πόλις,
1687 2039 1720 2060 κ,

906 2070 992 2113 νῆες
1012 2065 1173 2112 Ἀχαιῶν.

953 2116 1010 2149 21.
1058 2114 1218 2158 Αἰγάς.
1258 2115 1426 2150 incertum
1444 2122 1509 2156 est,
1528 2119 1722 2152 utrumAe-

907 2173 992 2205 gas,
1018 2161 1170 2205 Achajae
1199 2163 1383 2207 oppidum,
1408 2175 1450 2196 an
1475 2164 1640 2199 Euboeae
1663 2178 1722 2199 co-

907 2207 1084 2251 gnomine,
1110 2208 1226 2248 dicat,
1248 2214 1429 2253 utrumque
1450 2211 1608 2253 Neptuni
1634 2217 1721 2246 tem-

908 2255 965 2298 plo
988 2259 1023 2287 et
1044 2265 1143 2287 sacro
1164 2255 1301 2288 clarum
1338 2256 1422 2289 illud
1444 2256 1632 2299 significari
1656 2271 1719 2302 pu-

905 2304 982 2334 tant
994 2301 1089 2341 Sch.‚
1111 2301 1239 2334 Scholl
1263 2302 1399 2343 Veneti,
1421 2302 1517 2337 Leid.
1534 2315 1576 2346 ap
1581 2305 1719 2340 ,Valck.

906 2347 950 2380 ad
975 2347 1102 2380 Phoen.
1127 2358 1161 2390 p.
1178 2348 1266 2387 639,
1294 2348 1357 2389 Ε.-
1383 2349 1448 2382 hoc
1470 2315 1599 2384 Strabo
1627 2352 1660 2385 8.
1686 2364 1718 2396 p.

905 2395 974 2429 592
995 2393 1024 2426 C
1048 2397 1085 2426 et
1115 2396 1148 2429 9.
1177 2405 1208 2438 p.
1231 2395 1296 2429 621
1325 2397 1373 2431 A.
1409 2395 1532 2439 steph.
1565 2397 1613 2441 Β)
1612 2409 1651 2431 z.
1684 2404 1720 2432 et

905 2440 1020 2483 Etjm.
1041 2451 1074 2473 v.
1102 2440 1220 2483 Αἰγαὶ,
1245 2441 1278 2474 Κ
1297 2445 1332 2474 et
1353 2442 1409 2480 H,
1438 2441 1497 2486 idq
1501 2454 1543 2476 ue
1563 2444 1617 2476 vel
1638 2456 1718 2489 pro-

906 2492 1028 2531 pterea
1068 2486 1297 2520 verosimilius
1340 2456 1497 2522 videturq
1523 2489 1718 2534 Kc'ippenio,

904 2532 995 2576 quod
1029 2532 1132 2565 etiam
1166 2534 1275 2567 Nerei
1316 2537 1351 2567 et
1391 2541 1581 2569 ceterorum
1616 2538 1719 2570 maris

905 2580 1046 2612 deorum
1071 2579 1191 2613 domus
1218 2580 1252 2612 in
1280 2579 1363 2613 mari
1388 2582 1525 2624 Aegaeo
1555 2594 1630 2617 esse
1654 2583 1717 2617 fin—

903 2630 1043 2669 gantur.
1078 2637 1112 2659 v.
1131 2625 1179 2667 α’,
1199 2626 1353 2670 ΑροΙΙοιι.
1374 2628 1455 2670 Arg.
1476 2628 1510 2667 4,
1529 2629 1606 2664 771.
1620 2641 1715 2675 sequ.

904 2677 1025 2704 contra
1048 2675 1167 2716 Aegae
1187 2674 1358 2706 Achaicae
1376 2653 1622 2718 intelligendae
1640 2682 1718 2710 sunt

903 2716 957 2758 θ’,
981 2719 1081 2758 202,
1107 2719 1164 2752 ubi
1186 2730 1217 2752 v,
1242 2730 1320 2752 mn.
1344 2719 1387 2752 ab
1412 2719 1574 2754 Euboicis
1597 2733 1717 2756 nomen

906 2765 1034 2807 Aegaei
1058 2765 1160 2798 maris
1180 2765 1276 2798 ducit
1294 2767 1559 2810 geographusss
1580 2779 1612 2811 p.
1622 2769 1717 2809 5923

906 2821 994 2855 quae
1022 2815 1135 2844 tamen
1166 2822 1222 2845 res
1251 2812 1353 2845 valde
1385 2818 1611 2847 controversa
1640 2821 1715 2848 est-

904 2868 937 2889 v.
963 2857 1090 2890 Cellar.
1118 2859 1148 2891 1.
1184 2869 1215 2902 p.
1248 2859 1372 2898 1282,
1405 2857 1577 2893 Mannert.
1607 2862 1648 2902 8,
1680 2873 1715 2907 p.

904 2902 984 2938 254.
1011 2922 1055 2928 --
1080 2902 1205 2939 ἔνθα
1231 2903 1294 2939 δέ.
1333 2903 1428 2939 ἔνθα
1453 2903 1511 2948 δή.

951 2950 1052 2984 23-
1063 2951 1120 2985 31.
1153 2949 1225 2985 ὑπ.
1246 2949 1303 2993 ὅχ.
1329 2962 1601 2987 τιτυσκετο.
1624 2966 1714 2988 vus-

905 2994 1011 3041 ζεύγι
1015 3008 1056 3031 υε
1079 2997 1130 3043 τῷ
1153 2994 1310 3042 ὀχήματι
1335 3010 1425 3039 vove
1448 2998 1599 3040 ιππους.
1637 2999 1712 3043 (lo-
