1847 3277
64 954 143 990 τοῖς
160 952 282 985 ποσίν.
316 951 699 998 (πτελέην,]ιῑηιιιτη.
724 951 875 998 ζ’,419.)

40 991 258 1071 ,εὐφυέα
290 996 362 1040 (δ’,
394 998 493 1042 147.)
519 998 559 1034 εὐ
584 1004 808 1042 πεφυκυῖαν.
829 1018 875 1025 --

40 1078 42 1090 ‚
64 1041 310 1088 ἐριποῦσα.
337 1041 385 1085 ε’,
409 1045 500 1085 309,
525 1046 593 1080 357
618 1053 685 1079 etc.

38 1097 42 1131 Ι
107 1089 186 1125 244.
221 1089 441 1133 κρημνὸν
473 1091 478 1132 Ι
509 1087 698 1125 ἅπαντα
729 1091 735 1135 Ι
767 1093 873 1127 διαΐ-

61 1147 159 1177 σεν,
181 1137 186 1175 Ι
216 1134 379 1180 ἐπέσχε
401 1137 406 1178 Ι
429 1135 477 1171 δὲ
502 1134 621 1172 καλοὶ
642 1139 648 1182 Ι
670 1137 866 1182 §bairone-l

59 1182 136 1227 quis
168 1182 334 1225 ejusmodi
368 1194 503 1217 versum
529 1183 680 1218 Homero
715 1184 872 1229 imputet,

58 1228 224 1262 similibus
241 1228 387 1273 pedibus
406 1237 442 1263 et
463 1230 617 1264 caesuris
636 1232 788 1275 turpiter
810 1232 872 1265 de-

58 1274 279 1308 currentem?
303 1286 408 1320 saepe
432 1275 512 1308 mihi
538 1277 793 1320 digladiandum
818 1283 872 1312 est

54 1332 129 1355 cum
153 1321 469 1365 amphibrachorum
493 1322 781 1363 fabricatoribus,
813 1323 871 1369 qui

55 1373 91 1400 et
116 1368 201 1399 haec
226 1367 345 1410 procul
369 1368 473 1401 dubio
493 1368 696 1410 foedarunt,
723 1370 867 1405 debilem

54 1413 157 1446 istum
193 1413 314 1456 pedem
347 1414 592 1447 accumulando
623 1416 657 1448 in
691 1428 730 1450 re
754 1417 867 1460 magni

55 1458 217 1504 ponderis
239 1460 415 1503 miraeque
439 1461 626 1504 gravitatis
650 1462 764 1506 plena.
805 1475 865 1496 ne-

53 1517 122 1549 que
145 1504 232 1538 enim
257 1504 312 1538 hic
336 1517 430 1538 mera
456 1505 610 1550 pingitur
629 1507 799 1550 celeritas,
826 1516 865 1543 ut

53 1551 88 1585 in
110 1550 180 1584 illis
204 1550 332 1595 odyss,
355 1549 407 1593 λ’,
430 1553 530 1587 598.:
557 1550 681 1588 ἔπειτα
705 1554 863 1590 πέδονδε

50 1598 240 1632 κυλίνδετο
269 1597 362 1637 λᾶας
386 1595 567 1642 ἀναιδής,
601 1600 662 1633 sed
686 1600 862 1645 significa-

50 1651 110 1677 tur
140 1643 241 1677 etiam
276 1643 328 1676 vis
368 1644 489 1688 ingens
533 1656 678 1688 magnae
712 1648 860 1690 arboris,

48 1689 216 1724 radicitus
249 1690 387 1724 evulsae
414 1702 489 1724 cum
514 1697 615 1736 parte
638 1692 758 1738 ripae,
793 1695 860 1728 flu-

46 1735 174 1780 vioque
209 1735 319 1769 instar
350 1735 465 1781 pontis
491 1736 683 1782 impositae.
734 1753 775 1775 ea
807 1741 861 1775 vis

46 1786 87 1816 ut
117 1782 390 1828 exprimeretur,
436 1784 504 1816 alio
544 1790 620 1818 erat
653 1798 739 1830 opus
771 1788 862 1832 pede

43 1840 144 1874 quam
176 1829 441 1873 amphibracho,
476 1830 519 1862 de
552 1843 619 1874 quo
649 1832 701 1866 ita
728 1834 861 1877 judicat

43 1874 75 1909 J.
96 1875 140 1907 H.
167 1875 329 1916 Vossius,
355 1875 579 1919 peritissimus
603 1879 722 1912 harum
747 1891 859 1914 rerum

44 1920 195 1962 arbiter,
235 1922 411 1956 Zeitmess.
444 1923 506 1955 der
538 1923 573 1957 d.
597 1926 656 1967 Sp.
691 1937 724 1970 p.
761 1929 857 1961 150:

42 1967 174 2008 „Weil
207 1966 270 2000 der
294 1967 490 2001 Amfibrach
519 1981 587 2003 von
611 1971 709 2004 kaum
735 1973 857 2007 erstie—

0 1999 6 2021 Ε
41 2024 150 2057 gener
189 2014 310 2057 Lange
358 2014 471 2058 gleich
515 2016 648 2049 wieder
692 2018 753 2051 mit
795 2019 857 2053 der

0 2057 5 2066 '
42 2059 238 2093 Schwache
279 2060 340 2093 des
377 2060 560 2095 Trocliiius
603 2063 772 2103 hinsinkt.
817 2078 854 2100 so

39 2105 131 2138 kann
155 2116 212 2146 er,
237 2117 338 2139 wenn
364 2117 439 2140 man
461 2107 554 2141 nicht
579 2114 681 2142 unter
699 2112 855 2146 starkere

0 2143 3 2194 J
39 2150 148 2185 Fusse
172 2151 231 2184 ihn
251 2154 429 2186 versteckt
454 2153 589 2198 (potest
611 2155 712 2190 etiam
737 2159 854 2192 occul-

0 2196 2 2204 '
38 2197 108 2231 tari
130 2197 431 2242 interpunctione,
464 2200 559 2234 velut
590 2200 712 2244 274),
747 2203 852 2239 leicht

0 2239 1 2242 ¹
39 2246 274 2287 unangenehm
314 2246 468 2279 werden.
515 2246 618 2281 Nach
650 2248 850 2294 Dionysius,

35 2289 99 2323 der
131 2289 238 2322 selbst
262 2290 328 2323 den
352 2291 492 2325 Redner
522 2304 586 2326 vor
610 2293 677 2328 ihm
703 2303 849 2339 warnet,

34 2336 158 2380 gehort
181 2347 218 2368 er
242 2336 339 2370 nicht
361 2338 563 2382 vorziiglich
589 2351 632 2373 zu
658 2341 724 2375 den
748 2344 849 2377 scho-

34 2393 100 2415 nen
142 2380 354 2425 Rhythmen‚
395 2386 543 2418 sondern
582 2385 628 2419 ist
661 2388 847 2432 gleichsam

32 2427 250 2471 gebrechen,
277 2429 347 2462 und
374 2429 435 2463 hat
458 2431 525 2464 viel
549 2432 755 2467 weibisches
777 2436 847 2470 und

33 2473 216 2507 unedles.“
262 2474 356 2508 hisce
388 2487 454 2520 ego
495 2476 666 2512 adductus
699 2479 847 2515 rationi-

34 2518 116 2562 bus,
144 2518 402 2565 similibusque,
427 2523 471 2556 de
496 2523 618 2568 quibus
642 2537 673 2557 v.
696 2537 772 2560 ann.
800 2528 845 2562 ad

32 2563 90 2609 ν’,
114 2564 167 2607 4.,
202 2567 468 2610 abstergendam
495 2581 573 2603 esse
596 2571 746 2606 arbitror
769 2573 842 2608 Ho-

34 2621 124 2646 mero
154 2612 318 2647 maculam
352 2615 587 2650 continuorum
627 2617 753 2661 trium,
788 2620 842 2654 vel

35 2657 149 2701 potius
167 2658 329 2703 quinque,
350 2661 668 2704 amphibrachorum
688 2664 737 2698 ita
755 2665 842 2699 scri-

35 2703 166 2752 bendo:
187 2706 352 2749 κρημνὸν
377 2704 526 2743 ἅπαντα
551 2708 682 2750 διῶσ’,
717 2710 775 2745 ἐπὶ
800 2708 838 2747 δ’

35 2747 160 2792 ἔσχεθε
182 2749 276 2787 καλοὶ
296 2751 445 2797 ῥέεθρα.
493 2756 599 2789 habes
624 2755 758 2801 quidem
785 2759 841 2792 hic

32 2807 167 2840 quoque
191 2797 275 2832 duos
297 2800 579 2844 amphibrach03‚
612 2803 672 2836 sed
697 2814 839 2847 separa-

30 2846 84 2875 ton
106 2841 200 2885 illos,
223 2845 492 2891 fortioribusque
513 2849 671 2892 pedibus,
704 2855 743 2883 ut
763 2850 839 2885 fieri

27 2888 124 2932 jubet
149 2889 306 2933 Vossius,
341 2893 586 2935 absconditos;
622 2907 684 2929 nec
708 2896 781 2931 fere
804 2896 838 2932 in

30 2935 145 2968 verbis
174 2949 228 2979 κρ.
253 2935 316 2973 ἅπ.
342 2937 452 2973 διῶσ’
486 2939 739 2976 animadvertas
768 2955 838 2977 am-

26 2980 266 3026 phibrachum,
293 2984 465 3030 dactylico
490 2987 648 3030 rhythmo
672 2989 766 3023 velut
787 2990 838 3024 iu-

647 126 1073 166 ΙΛΙΑΛΟΣ
1141 129 1193 166 Φ.

1667 134 1747 174 16ῖ

247 231 331 288 εἶχε
361 234 659 290 στηρίξασθαι.
702 233 726 277 ὁ
758 233 804 277 δὲ
831 233 1012 288 πτελέην
1042 233 1108 278 ἕλε
1136 236 1285 290 χερσὶν

248 291 437 346 εὐφυέα,
466 291 677 345 μεγάλην·
708 289 734 346 ἦ
766 289 808 334 δ’
837 290 885 334 ἐκ
918 291 1050 344 ῥιζῶν
1079 290 1314 345 ἐριποῦσα,

201 350 219 367 *
248 346 443 404 κρημνόν
472 346 642 390 ἅπαντα
673 349 851 398 διῶσεν,
884 346 1031 404 ἐπέσχε
1061 348 1108 391 δὲ
1137 347 1249 417 καλοὶ
1281 348 1441 418 ῥέεθρα

134 406 218 451 245
248 404 415 457 ὄζοισιν
442 408 688 456 πυκινοῖσι,
721 403 980 460 γεφύρωσεν
1009 403 1056 448 δέ
1084 421 1160 458 μιν
1190 421 1351 458 αυτον,

246 463 348 504 εἴσω
377 457 480 504 πᾶσ’
512 459 732 515 ἔριποῦσ”
766 460 790 504 ὁ
822 457 864 504 δ’
897 459 968 514 ἄρ’
999 460 1046 505 ἐκ
1076 462 1198 517 δίνης
1227 460 1479 516 ἀνορούσας

243 517 360 573 ἤϊξεν
389 517 557 560 πεδίοιο
585 517 690 561 ποσὶ
719 522 974 571 κραιπνοῖσι
1002 518 1232 577 πέτεσὲζαι,

242 576 397 624 δείσας.
445 571 549 616 οὐδέ
580 573 619 617 τ’
652 574 775 630 ἔληγε
804 573 939 630 μέγας
966 573 1098 627 θεός,
1130 578 1245 630 ώρτο
1276 573 1322 619 δ’
1352 573 1417 619 ἐπ’
1445 574 1585 620 αὐτὸν

242 629 635 685 ἀκροκελαινιόων,
666 633 740 674 ἵνα
769 649 846 687 μιν
875 629 1056 675 παύσειε
1084 631 1266 684 πόνοιο,

127 690 210 733 250
240 689 336 730 δῖον
359 687 579 743 Ἀχιλλῆα,
615 687 813 742 Τρώεσσι
843 687 890 732 δὲ
920 687 1070 743 λοιγὸν
1100 686 1296 732 ἀλάλκοι.
1479 744 1488 758 ,

241 746 460 801 Πηλείδης
489 743 532 789 δ’
561 743 835 799 α’πόρουσεν,
868 743 975 789 ὅσον
1004 742 1046 788 τ’
1081 744 1151 789 ἔπι
1183 744 1346 800 δουρός
1375 745 1518 802 ἐρωη,

239 803 385 845 αἰετοῦ
417 800 557 858 οἴματ’
584 801 694 858 ἔχων
723 803 932 859 μέλανος,
963 805 1047 845 τοῦ
1074 806 1350 860 θηρητῆρος,

67 903 403 948 στηρίξασθαι.
436 902 526 940 οὐδὲ
560 902 719 941 ἐδύνατο
746 908 878 951 στῆναι
923 904 1094 945 volutum,
1118 910 1153 939 et
1176 909 1341 950 usurpata
1364 905 1555 940 hexametri
1578 918 1734 952 caesura,

923 950 973 983 rei
998 951 1196 995 aptissima,
1220 951 1302 993 illa,
1336 964 1427 997 quae
1451 952 1491 985 fit
1516 959 1596 997 post
1619 954 1653 989 5.
1679 966 1736 988 se-

920 996 1100 1040 mipedem.
1142 1009 1241 1042 quam
1275 998 1336 1043 qui
1369 999 1526 1044 sequitur
1557 1000 1691 1034 ionicus
1715 1012 1736 1035 a

921 1042 1072 1083 minore,
1097 1044 1210 1077 soluta
1234 1051 1426 1089 postrema,
1460 1043 1520 1080 ἐπὶ
1545 1044 1580 1080 δ’
1608 1045 1735 1090 ἔσχεθε

921 1087 1010 1120 haud
1035 1089 1166 1130 minus,
1200 1090 1342 1134 opinor,
1375 1090 1462 1124 facit
1487 1091 1531 1125 ad
1555 1092 1734 1126 declaran-

920 1133 997 1166 dam
1022 1135 1089 1168 vim
1119 1135 1285 1177 subitam,
1320 1148 1387 1181 qua
1420 1149 1554 1171 cursum
1585 1139 1734 1174 fluminis

919 1178 1066 1224 impedit
1090 1181 1295 1226 cohibetque
1321 1184 1424 1216 arbor
1448 1184 1618 1228 prolapsa.
1661 1186 1732 1219 ori-

919 1225 1031 1269 ginem
1056 1227 1158 1270 hujus
1190 1228 1332 1262 mendae
1355 1234 1508 1274 repetam
1534 1242 1553 1264 a
1579 1229 1618 1265 δὲ
1642 1232 1733 1266 forte

918 1271 1060 1314 omisso,
1093 1286 1162 1317 quo
1187 1275 1281 1308 facto
1307 1286 1380 1308 cum
1406 1276 1530 1320 copula
1554 1277 1729 1312 desidera-

917 1325 1038 1359 retur,
1073 1320 1178 1353 scribi
1212 1325 1368 1365 coeptum
1402 1330 1455 1355 est
1479 1320 1603 1367 ἐπέσχε
1631 1322 1671 1358 δὲ
1696 1329 1732 1359 et

916 1364 1017 1397 metri
1040 1365 1154 1408 gratia
1178 1366 1347 1408 διῶσεν,
1381 1379 1480 1412 quam
1505 1370 1670 1413 syllabam
1694 1379 1732 1405 et

914 1416 1056 1453 praeter
1080 1423 1149 1446 rem
1170 1413 1298 1447 addere
1316 1414 1427 1448 solent
1449 1414 1604 1459 librarii,
1629 1428 1729 1452 raro·

913 1467 981 1500 que
1005 1457 1189 1492 admittere
1214 1461 1470 1504 apostrophum.

956 1500 1037 1536 245.
1067 1503 1346 1547 γεφύρωσεν
1372 1503 1434 1551 (o'‚
1459 1507 1560 1550 357.)
1584 1528 1629 1533 —-
1655 1507 1728 1544 αὖ·

910 1544 1002 1581 τόν.
1047 1560 1114 1583 non
1141 1562 1208 1595 quo
1233 1552 1371 1586 fluvium
1405 1553 1496 1586 velut
1523 1560 1627 1599 ponte
1646 1556 1727 1600 jun-

908 1593 1020 1635 xerit,
1045 1602 1082 1628 ut
1104 1597 1215 1642 inepti
1233 1597 1370 1643 quidam
1390 1598 1641 1641 existimarunt,
1665 1603 1726 1636 sed

906 1638 1064 1674 inscensa
1085 1644 1220 1684 arbore,
1244 1656 1312 1688 qua
1331 1651 1431 1690 parte
1452 1647 1615 1692 prolapsa
1635 1655 1724 1691 erat,

908 1697 951 1719 ex
993 1698 1091 1722 amne
1128 1690 1268 1724 emersit
1307 1691 1457 1725 Achilles
1501 1700 1536 1726 et
1579 1694 1724 1740 aufugit.

907 1742 985 1765 ann.
1010 1733 1055 1765 H.

953 1778 1170 1814 247—252.
1217 1783 1413 1818 πεδίοιο
1465 1783 1722 1829 πέτεσθαι,

905 1833 968 1866 per
993 1837 1150 1869 campum
1175 1829 1304 1862 volare.
1341 1841 1374 1865 v.
1398 1827 1452 1876 β’,
1471 1833 1560 1872 785,
1586 1832 1632 1874 δ’,
1655 1837 1723 1871 100

907 1876 975 1903 etc.
995 1890 1039 1896 —
1082 1878 1377 1916 κραιπνοῖσι.
1414 1874 1460 1918 ε’,
1485 1878 1554 1913 223
1579 1884 1647 1914 etc.
1674 1900 1721 1906 —

905 1915 1007 1950 Sch.:
1031 1916 1460 1964 ἀκροκελαινιόων.
1486 1923 1528 1959 τὸ
1553 1921 1630 1959 ἅνω
1657 1925 1721 1970 με’-

904 1975 969 2006 ρος
991 1967 1061 2000 τοῦ
1084 1964 1249 2010 κύματος
1282 1968 1319 2012 ἐξ
1351 1968 1529 2015 ἐπιπολῆς
1550 1973 1719 2015 μελαινό-

901 2021 1022 2052 μενος.
1060 2015 1229 2049 τοιοῦτοι
1253 2015 1294 2050 δέ
1314 2017 1384 2051 εἰσι
1401 2014 1538 2058 πάντες
1563 2018 1600 2054 οἱ
1620 2015 1718 2063 όξεῖς

900 2059 1076 2098 ποταμοί.
1124 2063 1212 2106 Ap.=
1246 2059 1293 2097 τοὶ
1326 2060 1422 2104 ἄκρα
1451 2063 1593 2108 μέλανα
1625 2065 1717 2111 ἔχων

901 2102 1113 2148 φαινόμενα
1137 2105 1201 2144 διὰ
1226 2106 1268 2144 τὸ
1291 2111 1439 2154 πλῆθος
1457 2113 1532 2146 τῶν
1552 2110 1715 2151 ὑδάτων.

899 2168 945 2174 -
978 2151 1182 2190 παύσειε
1207 2175 1250 2179 -
1276 2154 1490 2193 ἀλάλκοι.
1520 2160 1712 2201 137,138.

900 2213 943 2220 —
972 2195 1084 2234 ὅσον
1109 2197 1143 2234 τ’
1173 2200 1247 2236 ἔπι
1272 2202 1446 2246 δουρὸς
1471 2202 1603 2250 ἐρωή.
1630 2208 1662 2243 h.
1682 2220 1711 2242 e.

898 2238 959 2284 ἐφ’
981 2243 1071 2280 ὅσον
1093 2245 1188 2293 ἐρωή
1210 2248 1346 2292 δουρός
1369 2248 1444 2285 ἐστι
1461 2252 1517 2285 vel
1537 2254 1710 2297 γίγνεται.

897 2289 944 2325 cf.
969 2289 1022 2333 o'‚
1045 2293 1133 2335 358,
1171 2295 1229 2329 ubi
1262 2296 1355 2330 sorte
1378 2297 1534 2332 relictum
1560 2305 1614 2333 est
1636 2299 1707 2335 ἐπί.

896 2353 942 2359 ——-
983 2339 1154 2375 αἰετοῦ
1195 2340 1409 2385 μέλανος.
1454 2345 1709 2388 μελαναιέτου.

895 2382 1039 2418 Aristot.
1065 2386 1109 2419 H.
1136 2389 1175 2421 Α.
1200 2389 1243 2430 9,
1268 2390 1345 2424 32.;
1379 2391 1456 2424 τῶν
1488 2389 1556 2435 μὲν
1590 2392 1709 2428 ἀετῶν

895 2426 969 2463 ἐστι
987 2433 1140 2467 πλείονα
1161 2433 1266 2479 γένη·
1289 2433 1332 2470 ἓν
1349 2434 1417 2480 μὲν
1439 2434 1457 2473 ὁ
1480 2438 1709 2482 καλούμενος

892 2472 1093 2522 πύγαργος.
1148 2480 1327 2524 (fortasse
1365 2485 1466 2526 falco
1511 2486 1707 2531 ossifragus

892 2519 1016 2565 Linn„
1049 2535 1154 2569 germ.
1190 2529 1252 2561 der
1275 2529 1472 2574 Seeadler.)
1507 2551 1550 2556 —
1578 2531 1705 2577 ἕτερον

890 2565 932 2602 δὲ
964 2569 1069 2614 γένος
1101 2571 1198 2608 ἐστὶν
1227 2571 1366 2617 ἀετῶν,
1401 2575 1422 2612 ὃ
1454 2575 1614 2622 πλάγγος
1637 2592 1701 2614 κα-

887 2616 1025 2658 λεῖται,
1049 2617 1223 2664 δεύτερος
1244 2621 1391 2667 μεγέθει
1416 2624 1477 2658 καὶ
1501 2623 1618 2670 ῥώμῃ.
1648 2627 1702 2663 οἰ-

887 2665 946 2696 κεῖ
969 2662 1010 2699 δὲ
1033 2664 1193 2711 βήσσας,
1227 2668 1289 2703 καὶ
1314 2665 1428 2713 ἄγκη,
1463 2671 1525 2706 καὶ
1551 2674 1699 2715 λίμνας·

886 2705 1110 2765 ἐπικαλεῖται
1124 2711 1164 2749 δὲ
1182 2714 1414 2760 νηττοφόνος
1435 2717 1497 2752 καὶ
1516 2718 1699 2764 μορφνός,

888 2766 934 2789 ον
958 2757 1019 2793 καὶ
1045 2754 1132 2804 ”Ομ.
1159 2759 1340 2806 μέμνηται
1372 2761 1411 2797 ἐν
1443 2764 1488 2809 τῇ
1521 2766 1698 2809 Πριάμου

886 2799 1003 2848 ἐξόδῳ
1028 2804 1102 2848 (ω’,
1125 2807 1206 2849 315,
1224 2809 1339 2852 3162).
1373 2807 1496 2850 ἕτερος
1520 2810 1561 2846 δὲ
1585 2812 1697 2856 μέλας

884 2848 953 2894 τήν
975 2850 1110 2896 χρόαν,
1144 2854 1206 2889 καὶ
1237 2854 1395 2899 μέγεθος
1424 2854 1610 2901 ἐλάχιστος
1633 2860 1695 2895 καὶ

885 2894 1077 2940 κράτιστος
1099 2899 1260 2935 τούτων·
1286 2896 1398 2942 οὗτος
1422 2903 1517 2939 οἰκεῖ
1538 2902 1607 2951 ὅρη
1632 2907 1695 2942 καὶ

884 2938 997 2986 ὕλας,
1033 2949 1197 2982 καλεῖται
1221 2945 1261 2983 δὲ
1283 2950 1520 2991 μελαναίετος
1543 2953 1606 2988 καὶ
1629 2955 1694 2989 λα-

883 2990 1076 3037 γωφόνος·
1103 2990 1178 3030 ἔστι
1202 2992 1243 3030 δὲ
1267 2992 1466 3042 ω’κνβόλος.
1498 3003 1534 3033 et
1557 2999 1590 3036 h.
1611 3000 1632 3036 l.
1657 3004 1692 3034 et
