1847 3277
380 832 685 876 ADDENDA
719 831 944 889 A'rQUE
980 832 1396 877 EMENDANDA.

150 1009 290 1043 Homeri
314 1009 382 1043 vol.
408 1012 440 1045 l.
465 1022 499 1056 p.
527 1011 560 1044 2.
588 1011 810 1044 annotatione
835 1012 882 1054 6.,
908 1021 1011 1044 versu
1037 1011 1116 1051 19.‚
1142 1010 1234 1043 forte
1259 1009 1390 1044 excidit
1413 1019 1480 1043 vox
1504 1009 1621 1042 secula
1645 1011 1726 1056 post

111 1067 230 1089 curvo.

57 1055 108 1100 Ly
149 1082 267 1134 Isi'adis
292 1098 337 1142 οἱ,
371 1099 429 1142 4.,
464 1113 566 1142 anm,
599 1113 699 1135 versu
724 1102 802 1140 25..
836 1101 1051 1135 scribendum
1085 1106 1138 1134 est
1162 1101 1311 1134 Hertha.
1336 1121 1382 1125 —
1406 1101 1463 1136 38.
1498 1112 1577 1138 ann.
1609 1113 1643 1135 v.
1668 1102 1727 1137 20.

56 1148 159 1183 scrib.
184 1148 344 1180 Barbier.
368 1147 494 1192 legitur
519 1158 653 1181 carmen
678 1148 759 1181 illud
795 1147 830 1181 in
865 1148 994 1181 Jambis
1020 1146 1203 1182 Barbierii.
1230 1167 1272 1171 —
1321 1146 1378 1182 74.
1412 1158 1480 1181 scr.
1516 1159 1583 1180 uno
1616 1147 1726 1182 verbo

57 1194 220 1237 διΐφιλε,
243 1193 394 1238 itemque
417 1193 502 1227 alias
526 1193 690 1237 διΐφιλος
714 1199 802 1234 εἰσ,
831 1199 870 1227 ut
895 1193 1083 1237 ὃιῑπετής,
1116 1204 1183 1225 non
1214 1193 1281 1227 Διῒ
1305 1195 1408 1238 φίλε,
1437 1193 1504 1228 Διῒ
1535 1195 1656 1237 φίλος.
1680 1213 1727 1218 -

59 1241 137 1278 143.
162 1252 239 1274 ann.
265 1246 418 1273 extrema
442 1251 511 1274 scr.
536 1241 660 1283 inepte.
690 1260 735 1265 —
782 1241 862 1274 200.
890 1252 966 1274 ann.
1002 1252 1069 1274 scr.
1103 1240 1299 1285 βασιλικοί.
1323 1260 1367 1265 --
1416 1242 1496 1274 202.
1533 1240 1598 1274 col.
1631 1242 1665 1274 2.
1691 1251 1726 1273 v.

59 1289 115 1322 17.
141 1298 207 1321 scr.
231 1288 466 1319 annotatione.
492 1306 538 1310 —
585 1289 664 1323 237.
690 1299 767 1321 ann.
795 1292 882 1320 extr.
909 1298 974 1320 scr.
1003 1287 1197 1320 Octaviam.
1228 1306 1269 1311 —-
1317 1288 1401 1322 320.
1425 1298 1502 1319 ann.
1539 1298 1574 1320 v.
1599 1287 1631 1322 3.
1659 1297 1727 1320 scr.

59 1346 136 1379 quo.
171 1352 216 1358 —
279 1333 359 1367 350.
394 1344 459 1366 scr.
492 1331 591 1367 θῖν’.
616 1353 662 1358 -—
714 1332 792 1367 448.
833 1334 878 1368 cf.
912 1333 1010 1366 Voss.
1046 1333 1137 1366 Krit.
1175 1334 1315 1367 Blcitter
1342 1336 1372 1368 1.
1406 1344 1441 1376 p.
1461 1333 1518 1368 39.
1553 1352 1587 1357 —
1645 1335 1727 1369 601.

57 1377 332 1458 matresfamillias
356 1378 525 1412 conviviis
549 1379 752 1414 interfuisse
776 1379 927 1424 exemplo
953 1382 1092 1420 AreteS‚
1120 1379 1434 1424 Clytaemnestrae,
1461 1379 1636 1421 Helenae,
1662 1379 1726 1414 do-

60 1432 119 1461 cet
141 1427 240 1459 Voss.
279 1450 288 1459 .
314 1436 343 1458 c.
399 1450 406 1458 .
431 1426 488 1459 58.

149 1470 195 1519 β’,
220 1472 299 1507 307.
325 1436 402 1504 anri).
426 1482 459 1504 v.
486 1474 542 1507 11.
575 1483 643 1507 scr.
668 1473 874 1506 donaverat.
897 1490 944 1495 —
991 1469 1072 1506 414.
1107 1481 1176 1506 scr.
1211 1472 1393 1515 conjuncte
1416 1471 1661 1517 καταπρηνές.
1680 1490 1726 1499 -

59 1517 139 1554 459.
165 1515 386 1561 ὀρνίθων
411 1516 585 1560 ἔθνεα,
622 1522 661 1551 ut
694 1517 881 1551 Germani:
915 1518 1007 1558 „ein
1037 1518 1123 1550 Volk
1147 1518 1402 1552 Reblzfihner.“
1428 1539 1471 1544 —
1528 1520 1610 1554 645.
1643 1530 1724 1556 ann.

61 1576 95 1600 v.
119 1566 152 1599 Ξ.
185 1576 250 1598 scr.
288 1575 392 1608 quam
426 1569 475 1597 ut.
496 1584 540 1590 —
587 1564 666 1599 658.
693 1566 774 1609 βίῃ
810 1561 1106 1610 Ἡρακληείῃ.
1176 1564 1338 1598 Oisianus
1378 1565 1571 1601 Ahlwardt.
1611 1565 1725 1610 Tigh-

58 1623 172 1645 morae
194 1613 237 1651 2,
260 1611 362 1646 323:
398 1611 627 1656 Schweigend
651 1612 722 1644 und
746 1612 841 1644 kzilzn
874 1611 983 1644 durch
1017 1611 1084 1643 den
1121 1611 1234 1643 Strom
1274 1613 1355 1644 kam
1387 1612 1506 1657 Kijnig
1549 1612 1726 1648 Crothar's

50 1659 174 1702 finstrc
207 1658 328 1700 Krast.
351 1676 396 1683 ·-
420 1658 499 1693 659.
526 1668 603 1691 ann.
628 1669 662 1691 v,
691 1660 744 1693 11.
769 1668 855 1691 scr.:
889 1669 978 1702 quae
1014 1662 1106 1691 certe
1138 1658 1276 1692 dicitur.
1318 1657 1510 1701 cogitabam
1550 1659 1724 1702 oppidum.

70 1724 102 1728 —
126 1705 205 1739 778.
229 1715 304 1737 ann.
329 1714 363 1736 v.
387 1704 420 1738 5.
444 1715 511 1739 scr.
536 1704 585 1737 les
608 1704 812 1746 capitaines.
834 1724 876 1729 —
925 1705 1004 1739 831.
1030 1703 1072 1737 ad
1099 1715 1176 1737 ann.
1210 1705 1255 1738 cf.
1281 1701 1322 1745 λ’,
1346 1705 1543 1740 329—332.
1568 1725 1613 1731 -—
1645 1707 1724 1742 866.

58 1750 195 1785 stellula
218 1748 388 1783 notandus
411 1754 474 1783 est.
503 1750 725 1785 annotatione
750 1756 830 1795 post
853 1751 973 1784 vocab.
999 1750 1212 1794 cognominis
1235 1751 1321 1784 haec
1352 1751 1445 1784 forte
1468 1750 1592 1785 omissa
1625 1744 1724 1786 sunt'

59 1799 212 1841 ineptum
235 1801 285 1829 est
309 1794 357 1830 οἳ
380 1796 476 1837 καὶ,
500 1801 621 1840 aptum
647 1793 674 1842 ᾧ
699 1796 799 1838 καὶ,
830 1808 939 1840 quare
964 1798 1072 1830 etiam
1097 1802 1184 1834 etc..
1219 1796 1294 1830 scil.
1321 1796 1401 1840 quia
1433 1802 1578 1843 propter
1609 1798 1725 1832 lacum

59 1844 241 1889 Gygaeum
265 1841 442 1887 mediaque
466 1842 502 1876 in
521 1842 635 1886 Lydia
659 1843 732 1877 nati
753 1849 865 1884 erant,
889 1848 1009 1887 utpote
1034 1843 1138 1876 duces
1163 1843 1349 1887 Lydorum.

150 1898 194 1944 γ’,
219 1900 276 1934 18.
310 1910 388 1933 ann.
422 1898 500 1934 dele
536 1899 639 1933 verba
675 1900 816 1933 Lobeclc.
842 1918 888 1924 —
911 1901 992 1935 350.
1049 1920 1095 1924 —
1141 1901 1197 1935 38.
1231 1910 1299 1933 scr.
1324 1898 1488 1942 ἐπέεσσι,
1524 1901 1726 1947 pariterque

60 1947 118 1983 46.
152 1945 292 1986 νέεσσι,
326 1951 363 1979 et
393 1946 448 1981 85Α
477 1943 594 1986 ἔειπε,
627 1945 741 1980 deleto
775 1959 796 1980 ν
819 1943 1065 1990 ἕφελκυστικῷ
1100 1952 1181 1980 ante
1214 1957 1403 1987 consonas,
1437 1948 1528 1992 quod
1561 1948 1727 1992 ejusmodi

61 1993 236 2027 vocabulis
259 1995 410 2026 extremo
435 2003 534 2025 versu
559 1992 749 2026 addendum
781 1993 951 2037 putabant
983 1993 1047 2027 viri
1083 1993 1219 2038 quidam
1255 1992 1371 2033 docti,
1404 2005 1470 2037 quo
1503 1993 1534 2027 is
1564 1995 1725 2038 majorem

0 2042 1 2045 ’
60 2040 208 2074 haberet
230 2037 438 2082 gravitatem
461 2039 613 2083 spondeo
638 2038 750 2083 posito
775 2050 838 2083 pro
863 2040 1039 2073 trochaeo.
1065 2040 1125 2072 sed
1151 2039 1257 2079 liber,
1281 2038 1311 2071 si
1340 2038 1418 2083 quis
1445 2040 1553 2082 alius,
1582 2040 1726 2076 istarum

61 2097 172 2120 rerum
189 2090 242 2119 est
266 2085 446 2118 Homerus.
471 2096 578 2129 quare
601 2085 807 2130 scripturam
832 2091 987 2120 veterum
1011 2086 1176 2120 librorum
1210 2084 1336 2130 ubique
1358 2085 1606 2120 restituendam
1632 2088 1726 2122 arbi-

60 2137 143 2166 tror.
167 2151 213 2157 —
261 2131 341 2166 103.
367 2141 445 2164 ann.
471 2136 558 2164 extr.
585 2141 672 2165 scr.:
699 2132 742 2165 de
764 2133 905 2176 templo.

149 2186 195 2229 δ’,
218 2188 298 2223 337.
323 2190 360 2221 et
382 2187 463 2223 369.
489 2187 533 2221 de
557 2187 611 2222 his
635 2188 792 2223 versibus
828 2200 863 2222 v.
888 2200 964 2224 ann.
1000 2189 1045 2223 ad
1077 2188 1120 2230 κ’,
1147 2190 1224 2224 191.
1250 2207 1294 2213 -
1349 2188 1430 2225 375.
1465 2200 1532 2225 scr.
1557 2188 1653 2236 πέρι.
1680 2209 1726 2215 -

58 2234 137 2272 467.
161 2235 239 2269 dele
263 2232 314 2277 ῥ’.
339 2233 383 2266 cf.
401 2232 443 2276 ξ’,
466 2235 522 2269 30.

152 2280 192 2322 ε’,
214 2281 248 2316 5.
274 2279 438 2315 Oisianus
462 2279 673 2324 Tighmorae
700 2283 732 2322 1,
755 2279 857 2315 493.x

334 2337 439 2371 inrst
456 2337 597 2371 cormac
619 2338 727 2371 stand
749 2337 785 2371 in
808 2338 870 2372 der
888 2338 1004 2380 Mitte,

338 2383 450 2417 Schon
471 2385 536 2417 wie
559 2384 719 2428 steigend
743 2396 800 2417 am
827 2385 979 2418 Himmel
1005 2385 1059 2417 ein
1083 2384 1199 2427 Stern,

340 2430 457 2463 lVann
479 2430 613 2463 huldin
629 2431 740 2464 stillet·
767 2432 890 2464 Wonn'
922 2444 960 2466 er
983 2432 1089 2465 hlickt

337 2476 379 2509 In
401 2477 507 2509 Osten
524 2487 590 2509 von
610 2477 775 2521 nebligen
797 2477 919 2519 Ho'hn,

338 2522 488 2556 Badend
509 2523 565 2556 die
574 2524 714 2568 jungere
735 2525 878 2558 strazen
895 2525 943 2557 im
963 2524 1079 2558 Thau.

61 2578 106 2611 cs.
131 2576 175 2619 λ’,
198 2578 367 2614 62—66.
391 2579 499 2614 Rhesi
525 2592 633 2625 equos
658 2579 764 2614 radiis
787 2581 871 2616 solis
895 2588 1074 2627 comparat
1096 2578 1142 2621 κ’,
1166 2579 1243 2616 547.
1269 2599 1313 2604 -
1359 2580 1440 2616 333.
1464 2580 1603 2626 spurius
1627 2581 1724 2615 vide-

63 2629 120 2658 tur
143 2628 180 2658 et
203 2636 295 2658 mera
319 2624 562 2671 interpretatio
582 2626 808 2672 superiorum.
833 2627 954 2673 putide
978 2631 1092 2661 autem
1117 2634 1264 2671 negatur
1288 2625 1481 2661 Minervam
1506 2638 1601 2669 esse,
1634 2639 1726 2672 quae

62 2674 168 2704 staret
191 2681 212 2704 a
236 2671 394 2705 Graecis.
427 2692 463 2696 —
512 2672 591 2708 465.
618 2684 684 2706 scr.
710 2671 822 2715 ὑπὲκ,
848 2679 883 2708 et
905 2673 955 2707 sic
979 2673 1064 2707 alias
1089 2684 1224 2718 quoque
1249 2684 1318 2706 una
1341 2684 1441 2706 voce.
1467 2674 1512 2708 cf.
1537 2671 1581 2716 v'‚
1606 2674 1662 2710 89.
1680 2693 1725 2699 —-

63 2716 142 2751 596.
166 2716 399 2752 addubitanda
432 2730 497 2753 non
530 2725 630 2752 erant
661 2721 768 2754 verba
790 2720 859 2755 τὸν
883 2717 924 2754 δὲ
949 2717 1063 2754 ἰδών.
1089 2731 1122 2752 v.
1147 2731 1226 2753 ann.
1251 2720 1295 2754 ad
1319 2716 1368 2763 μ’,
1394 2720 1472 2755 331.

64 2770 299 2853 Μηξήοξΰ.
321 2787 387 2812 scr.
411 2774 592 2813 κελαινόν.
618 2796 663 2802 -
710 2776 791 2814 241.
815 2789 893 2813 ann.
918 2789 984 2813 scr.
1011 2777 1206 2812 annotavit.
1230 2795 1276 2801 —
1323 2776 1404 2812 245.
1429 2789 1507 2812 ann.
1542 2790 1574 2810 v.
1599 2779 1633 2814 3.
1657 2789 1725 2812 scr.

151 2863 198 2908 η’,
220 2864 317 2900 initio
352 2872 430 2913 post
461 2870 580 2904 vocab.
617 2869 867 2903 Annotatimzeo
899 2869 988 2904 adde
1020 2871 1106 2904 hoc:
1145 2870 1246 2903 Vers.
1283 2870 1313 2904 1.
1339 2888 1383 2893 ———
1428 2870 1482 2904 86.
1524 2881 1602 2903 ann.
1634 2881 1665 2905 v.
1690 2871 1724 2905 5.

63 2923 130 2944 scr.
149 2912 208 2944 ubi
230 2916 495 2957 angustissimus
522 2921 585 2949 est.
612 2915 663 2955 E,
696 2921 836 2949 notante
860 2916 936 2949 CL:
971 2916 1013 2950 zo*
1052 2918 1266 2950 ὃιεκπίπτον
1297 2911 1420 2949 αὐτοῦ
1453 2915 1522 2958 ἔξω
1553 2915 1646 2960 πρὸς
1674 2917 1725 2962 τῷ

55 2957 201 3013 ’,Αἰγαίῳ
225 2977 269 2983 -
293 2956 410 2995 ἐκεῖνο
435 2960 624 2996 πλατύν
644 2959 1004 3005 Ἑλλήσποντον
1029 2961 1138 3007 λέγει·
1171 2960 1246 2997 ἐκεῖ
1264 2958 1334 3005 γάρ
1360 2961 1411 3001 εἰς
1435 2960 1572 3003 πλάτος
1605 2958 1626 2997 ὃ
1661 2965 1727 3006 τῆς

69 3006 187 3049 Eune
219 3002 354 3047 πόντος
389 3004 589 3053 ἀνοίγεται.
660 3009 705 3042 cs.
731 3009 901 3043 Mannert.
927 3011 966 3048 6,
991 3011 1025 3045 3.
1064 3021 1096 3054 p.
1123 3007 1200 3043 514.
1241 3015 1277 3042 et
1310 3007 1463 3052 inprimis
1497 3009 1596 3044 Voss.
1635 3010 1724 3045 Erit.
