1847 3277
102 135 158 173 96

737 139 1134 182 ΟΜΗΡΟΥ

189 248 242 288 80
271 240 524 311 ὑββάλλειν·
553 245 740 300 χαλεπὸν
767 246 874 301 γάρ,
911 247 1194 302 ἐπιστάμενόν
1222 266 1300 306 περ
1331 250 1468 296 ἐόντα.

269 298 450 352 ἀνδρῶν
480 298 526 342 δ’
557 302 604 343 ἐν
632 307 780 357 πολλῷ
810 302 960 373 ὁμαδῳ
991 308 1082 355 πῶς
1111 306 1184 349 κέν
1212 324 1276 358 τις
1306 306 1514 360 α’κούσοιι,

269 354 298 408 ἢ
327 356 462 405 εἴποι,-
493 356 696 412 βλάβεται
726 359 772 400 δὲ
800 359 922 412 λιγύς
951 374 1031 412 περ
1062 361 1146 404 ἔων
1175 362 1400 419 αγορητής.

271 413 459 468 Πηλείδῃ
490 414 568 467 μὲν
598 414 707 467 ἐγών
737 414 1006 469 ἐνδείξομαι,
1037 416 1176 475 αὐτάρ
1208 422 1252 462 οἷ
1280 420 1406 463 ἄλλοι

269 455 505 518 gv'vesobss
534 468 736 523 Ἀργεῖοι,
773 471 921 524 μῦθόν
951 470 989 514 τ’
1018 476 1066 515 εὐ
1094 491 1230 528 γνωτε
1260 476 1449 527 ἕκαστος.

186 526 239 568 85
269 524 453 567 πολλάκι
483 501 536 579 δή
566 541 641 578 μοι
670 531 833 569 τοῦτον
858 525 1016 582 Ἀχαιοὶ
1043 534 1191 583 μῦθον
1221 531 1386 583 εἐιπον,

269 581 343 622 καί
374 581 417 622 τέ
446 596 496 634 με
525 582 809 634 νεικείεσκον,
842 583 924 638 ἐγώ
956 583 998 626 6'
1031 585 1113 628 οὐκ
1145 587 1280 637 αἴτιός
1311 590 1420 643 εἰμι,

267 635 376 678 α’λλὰ
405 636 534 688 Ζευς,
567 638 639 679 καὶ
668 642 842 693 Μοῖρα,
873 641 944 682 καὶ
974 639 1224 696 ἠεροφοῖτις
1249 643 1472 698 Ἐριννυς,

270 693 356 734 οἵτε
387 709 461 746 μοι
490 694 553 734 εἰν
583 693 722 764 α’γορη
753 696 910 749 φρεσὶν
938 696 1127 752 ε’μβαλον
1157 698 1313 754 ἄγριον
1343 700 1470 757 ἄτην,

269 747 401 802 ἤματι
429 751 510 806 τῷ,
539 747 606 791 ὅτ’
635 748 850 806 Ἀχιλλῆος
880 751 1008 806 γέρας
1039 753 1169 806 αὐτος
1202 755 1422 812 ἀπηύρων.

185 809 239 848 90
269 803 376 846 ἄλλοι
405 806 446 846 τί
474 820 521 847 κε
541 805 741 873 ῥέξαιμι,
771 807 875 857 θεὸς
905 809 976 852 διὰ
1005 809 1147 854 πάντα
1177 817 1361 879 τελευτᾷ.

269 860 438 915 πρέσβα
466 860 575 912 Διὸς
602 863 798 920 θυγάτηρ
812 863 940 919 ’Ἀτη,
970 864 997 922 ἣ
1026 868 1190 919 πάντας
1219 867 1370 920 ἀᾶται,

102 969 233 1027 όμενος
255 969 328 1005 ’ὑπὸ
352 974 425 1007 τῶν
427 972 732 1029 θορυβούντων·
753 977 816 1010 καί
834 989 906 1019 φη-

103 1014 190 1051 σινὸ
207 1016 438 1060 Σιδώνιος,
424 1018 480 1053 ότι
499 1023 549 1064 τῷ
568 1018 794 1078 υββάλλειν”’
773 1022 906 1080 ομοιόν

103 1076 178 1098 εστι
210 1065 320 1098 τοῦτο
357 1062 410 1104 (α
425 1092 433 1105 ,
470 1067 591 1110 292⁸)
634 1067 717 1103 τὸν
752 1067 789 1102 6'
828 1066 904 1111 ἄρ’

103 1107 382 1155 ὑποβλήδην
408 1110 650 1157 ἠμείβετο.
693 1114 848 1148 similiter
871 1115 903 1148 E

104 1162 139 1189 et
162 1157 352 1190 Alexander
376 1168 432 1201 ap.
459 1159 627 1204 Ροτρὶι)ι·.
660 1172 691 1193 v.
716 1161 761 1196 H.

149 1215 312 1248 80—84.
357 1214 457 1249 Sch.·
495 1213 761 1274 ὑββάλλειν.
809 1230 904 1251 υπο-

102 1257 274 1315 κρούειν,
299 1258 502 1301 ἑαποδίζειν
528 1263 593 1297 τὸν
618 1263 654 1298 λέ
641 1276 780 1305 τγοντοι.
810 1276 907 1303 τινες

103 1304 143 1340 δὲ
168 1319 285 1345 κακως
308 1303 469 1347 ἤκουσαν
494 1306 536 1342 τό
565 1308 615 1343 δι’
643 1309 790 1351 ξ’ταιρον
823 1309 904 1352 (imo

102 1351 252 1395 ετέρου)
287 1351 410 1395 λέγειν
455 1354 487 1385 h.
521 1367 548 1388 e.
595 1355 760 1398 5υὶ)]ἰ(οιό
792 1355 904 1395 alicui,

103 1410 190 1442 quae
216 1409 276 1442 pro
302 1398 398 1431 nobis
422 1398 535 1439 dicat,
569 1405 607 1433 ut
632 1407 905 1444 &gamemnonem

102 1443 210 1488 inepti
235 1444 371 1487 quidam
396 1445 520 1478 iecisse
540 1446 805 1487 arbitmbantur,
831 1457 905 1479 cum

102 1490 175 1533 ipse
204 1491 361 1530 sederet3
400 1490 457 1534 qui
491 1502 561 1524 mos
594 1504 655 1536 per
685 1494 907 1537 inteipretem

102 1535 236 1569 dicendi
261 1536 422 1569 abhorret
447 1537 488 1569 ab
515 1549 597 1570 aevo
623 1539 772 1572 heroico
814 1550 846 1572 v.
874 1538 904 1570 E

105 1582 207 1615 etH.
228 1600 272 1605 —
314 1581 519 1624 χαλεπὸν
543 1582 649 1628 γὰρ,
687 1586 719 1618 h.
745 1597 775 1618 e.
801 1586 906 1627 χαλε-

101 1627 176 1662 πόν
195 1625 263 1685 γάρ
285 1639 380 1662 εστιν
398 1626 619 1674 ὑποβάλλειν
640 1630 733 1669 τινὰ,
758 1629 809 1664 ἐπ
823 1644 833 1663 ι
847 1641 905 1663 στ.

101 1686 186 1718 περ
211 1673 374 1716 ἐόντα,
408 1687 488 1707 nam
520 1678 663 1710 molesta
695 1682 745 1710 est
777 1676 906 1709 dicenti

101 1721 332 1774 interpellatio
366 1722 521 1764 quamvis
553 1724 657 1765 periti
691 1733 752 1755 seu
788 1722 907 1755 diserti

101 1767 180 1799 viti.
208 1765 304 1802 male,
327 1767 700 1810 hacinterpretatione‚
720 1768 907 1812 quamipse

101 1811 243 1856 reperit,
269 1812 463 1855 posthabita
485 1814 665 1855 deteriori,
691 1816 723 1847 Κ
743 1818 818 1857 χαλ.
838 1814 907 1857 γάρ

101 1858 350 1902 interpretatur
374 1864 448 1901 χαλ.
474 1857 544 1903 γάρ
567 1859 664 1894 ἐστιν
690 1861 805 1895 εἰπεῖν
829 1866 906 1902 etc,

102 1916 184 1937 nam
222 1904 364 1946 difficile
395 1911 444 1938 est
486 1909 539 1939 vel
577 1908 741 1940 disertum
784 1908 907 1946 dicere,

104 1961 179 1983 cum
214 1950 463 1993 interpellatur.
514 1951 600 1995 imo,
643 1957 717 1986 toto
755 1952 908 1985 exercitu

105 2000 304 2029 accurrente
336 2008 376 2030 ac
402 2004 595 2041 strepente,
629 1998 681 2031 his
715 1998 827 2031 verbis
852 2008 908 2030 ur-

104 2042 194 2075 bane
226 2042 290 2084 Ag.
325 2043 379 2076 vel
411 2043 615 2077 disertorum
649 2050 684 2077 et
721 2055 909 2089 procerum,

105 2088 227 2120 nedum
252 2087 366 2130 vulgi,
394 2101 496 2122 voces
521 2090 728 2134 compescit,
763 2102 804 2123 ne
811 2101 908 2145 gra-

104 2133 158 2165 vis
182 2132 287 2176 ipsius
303 2134 410 2168 oratio
432 2135 709 2180 interrumpatur.
728 2155 773 2161 —
801 2132 911 2176 ὁμά-

105 2179 188 2224 δῳ,
212 2180 370 2214 tumultu.
415 2192 446 2213 v.
473 2181 524 2226 β’
549 2183 594 2216 96
620 2189 686 2216 etc.
717 2202 762 2208 -
806 2182 907 2214 Schn

104 2213 342 2270 βλάβεται.
377 2227 480 2269 (166,
505 2227 633 2271 odyss,
657 2225 685 2260 ν’
699 2228 808 2272 ,34.)
843 2226 908 2270 ε’μ-

103 2273 302 2313 ποδίζεται,
328 2272 538 2316 βλάπτεται.
563 2273 781 2317 (λιγνς-
800 2274 908 2317 οὶγο-·

103 2316 255 2362 ρητής.
290 2315 456 2362 a‚248,
494 2318 548 2366 β,
572 2321 639 2353 246
668 2320 754 2362 etc.)
779 2322 907 2375 Πηλ

102 2376 140 2406 μ.
169 2363 196 2398 ἐ.
220 2345 513 2417 ἐνδείξομαι.
554 2364 636 2400 οἷον
667 2364 734 2410 τὴν
767 2362 907 2401 ἀπότα-

103 2421 161 2444 σιν
185 2410 258 2443 τῶν
281 2407 398 2464 λόγων
421 2410 511 2452 πρὸς
531 2410 681 2455 Ἀχιλλέα
704 2411 907 2457 ποιήσομαι

104 2457 286 2500 φανερῶς.
327 2452 350 2499 ἢ
374 2454 661 2501 ἀπολογήσομαι.
704 2459 753 2492 sic
778 2465 813 2492 et
837 2459 907 2500 alii,

103 2503 201 2547 quasi
227 2513 287 2546 per
310 2513 348 2535 se
371 2503 496 2537 dictum
520 2505 564 2536 sit
591 2503 809 2547 ἐνδείξομαι,
833 2516 906 2538 cum

102 2548 227 2582 referri
261 2548 371 2592 possit
404 2549 446 2581 ad
470 2550 616 2592 μῦθον,
651 2556 689 2584 ut
722 2551 849 2586 Herod.
874 2553 907 2592 8,

105 2594 202 2630 141.:
245 2592 512 2652 ἐνδεικνύμενοι
546 2600 641 2630 τοῖσι
679 2599 908 2640 Λακεδαιμο-

104 2642 217 2674 νίοισι
249 2638 317 2680 τήν
350 2640 498 2675 ἓωϋτῶν
530 2641 690 2686 γνώμην.
733 2643 777 2675 cf.
803 2645 907 2676 sebn-

105 2687 138 2719 h.
154 2697 185 2718 v.
209 2687 258 2719 sic
266 2686 384 2741 igitur
402 2688 551 2721 ordinem
571 2688 801 2722 instituemus:
831 2692 907 2732 Πη-

104 2733 206 2775 λείδῃ
237 2743 303 2775 μεν
327 2731 353 2766 ε’.
379 2732 584 2777 ἐνδείξομαι
606 2735 751 2777 μῦθον,
786 2734 906 2778 αὕτορ

107 2777 143 2812 οἱ
167 2777 270 2813 αλλοι
294 2776 476 2820 ξύνθεσθε
503 2782 684 2825 (μῦθον),
713 2780 801 2824 ’.Αργ
812 2809 822 2824 ,
847 2783 909 2817 καὶ

107 2823 148 2857 εὐ
181 2837 232 2867 γν.
259 2822 307 2858 ἔκ.
357 2825 400 2860 τὲ
434 2838 498 2871 pro
524 2827 584 2862 καὶ
618 2828 743 2884 dictum
766 2837 837 2871 est,
872 2833 910 2862 ut

108 2869 208 2903 Pind.
243 2870 342 2903 Nem
375 2874 543 2913 6‚106.:
575 2878 665 2915 παῖ,
703 2873 797 2908 σέτ’
829 2873 910 2910 ενό-

109 2926 215 2958 σφισε
245 2917 404 2959 Τιμίδαν
436 2921 567 2961 κλᾶρος
601 2932 661 2964 pro
686 2922 737 2956 κλ.
769 2920 818 2956 ἐν.

107 2965 189 3003 παῖ,
211 2962 272 2996 καὶ
302 2964 386 3007 Τιμ.
428 2966 815 3010 Sopl1.Trach.963.·
859 2933 909 2962 σὲ,

852 2969 911 3002 σοι’

950 991 988 1013 τε
1012 993 1079 1023 γαρ
1103 978 1204 1024 ὄμμα
1229 979 1423 1025 ε’μπλεον”“
1399 996 1420 1026 η
1448 979 1494 1017 δι’
1519 979 1611 1024 ἐμοῦ
1629 981 1753 1025 σώζειν

951 1038 1013 1071 pro
1046 1028 1107 1061 καὶ
1131 1027 1199 1070 γὰρ
1231 1030 1288 1063 σοὶ
1313 1027 1412 1072 ὄμμα
1436 1034 1501 1064 etc.
1538 1028 1582 1061 cf.
1607 1039 1684 1062 ann.
1708 1030 1753 1062 ad

950 1073 1105 1116 Aeschyl.
1125 1074 1209 1107 Cho.
1224 1076 1278 1110 35.
1299 1082 1333 1108 et
1353 1075 1493 1108 inferius
1511 1075 1590 1109 221.
1625 1074 1749 1108 Achilli

951 1119 1086 1161 quidem
1112 1119 1199 1152 banc
1224 1132 1291 1154 rem
1315 1132 1352 1153 se
1376 1121 1625 1165 expositurum,
1660 1121 1752 1163 ejus-

950 1175 1014 1206 que
1058 1165 1266 1207 potissimum
1317 1166 1431 1209 gratia
1471 1166 1638 1198 dicturum
1680 1177 1756 1199 esse

948 1209 1143 1253 significat,
1175 1213 1236 1245 sed
1269 1212 1362 1245 velut
1381 1211 1497 1255 judice
1521 1211 1686 1245 exercitu.
1709 1230 1756 1237 —

952 1256 1207 1307 ξννθεσθε.
1252 1258 1366 1291 Schol.
1394 1260 1443 1291 A·
1475 1257 1632 1299 κρίνατε,
1655 1259 1755 1292 δοκι-

951 1313 1101 1345 μασοιτε.
1148 1302 1266 1337 Schnl.
1292 1304 1340 1336 Β.
1364 1323 1410 1329 -
1434 1301 1528 1337 κατὰ
1548 1304 1662 1344 νοῦν,
1687 1302 1755 1338 λά-

952 1350 1042 1393 βετε.
1076 1359 1108 1380 v-
1135 1348 1167 1380 α’
1179 1351 1280 1396 ‚76‚
1306 1348 1346 1391 ζ’,
1371 1350 1458 1390 334,
1466 1363 1527 1406 η,
1553 1348 1598 1383 44
1618 1356 1685 1383 etc.
1709 1368 1752 1374 —

951 1393 1112 1438 μῦθόν
1142 1391 1178 1427 τ’
1214 1390 1264 1430 εὖ
1294 1407 1439 1439 γνωτε
1464 1393 1688 1436 ἕκαστος,
1721 1400 1756 1429 et

952 1442 1091 1486 quisque
1115 1453 1208 1481 rem,
1233 1454 1321 1486 qnae
1346 1443 1487 1486 agitur,
1521 1443 1604 1474 bene
1627 1453 1754 1486 cogno-

951 1490 1047 1522 scite.

999 1535 1055 1569 85.
1087 1535 1263 1568 τοῦτον
1297 1534 1464 1576 μῦθον.
1505 1533 1537 1568 h.
1568 1544 1599 1565 e.
1631 1533 1754 1576 τοῦτο,

952 1579 986 1613 id
1001 1606 1010 1622 ‚
1036 1582 1125 1624 quod
1147 1581 1215 1623 jam
1236 1580 1339 1620 dicet,
1364 1577 1412 1617 ὥς
1436 1577 1503 1623 ἐγώ
1529 1576 1647 1618 αἴτιός
1670 1579 1756 1622 εἰμι,

952 1638 1005 1659 me
1040 1628 1180 1669 affinem
1214 1637 1285 1658 csse
1317 1627 1449 1668 culpae.
1496 1625 1584 1657 vidit
1615 1625 1680 1658 hoc
1710 1625 1755 1666 K,

954 1672 1012 1705 alii
1037 1683 1066 1704 n
1073 1683 1101 1704 n
1127 1671 1296 1704 viderunt.
1345 1683 1442 1715 quem
1467 1682 1561 1703 usum
1587 1671 1756 1715 pronomi-

953 1718 1005 1751 nis
1030 1713 1139 1756 οὗτος
1164 1718 1281 1761 atng'xt
1304 1717 1399 1750 Bast.
1425 1717 1537 1760 Epist.
1562 1717 1758 1758 crit„1au-

954 1766 1035 1797 dato
1061 1763 1183 1797 Orvill.
1209 1775 1284 1796 ann.
1312 1763 1354 1795 ad
1381 1762 1512 1797 Charit.
1543 1765 1666 1804 2,11.
1710 1763 1755 1795 cf.

953 1810 1074 1854 Eurip.
1104 1808 1196 1843 Med.
1226 1811 1313 1850 210,
1346 1810 1435 1850 525,
1469 1808 1646 1854 Aristoph.
1671 1809 1755 1853 Lys.

955 1858 1040 1892 1091
1068 1860 1133 1890 etc,

1000 1904 1096 1937 86—
1106 1904 1163 1936 90.
1190 1900 1491 1935 νεικείεσκον.
1525 1898 1577 1944 β,
1600 1902 1681 1942 221,
1709 1901 1755 1946 δ’,

953 1948 1032 1981 241.
1065 1966 1102 1972 —
1163 1945 1459 2003 ἠεροφοῖτις.
1508 1946 1554 1987 ι’,
1593 1948 1672 1983 571.
1710 1967 1756 1975 -

954 1993 1102 2034 ,,θεός
1146 1992 1226 2027 fico}
1272 1991 1430 2026 πάντα
1469 1995 1681 2038 τελευτᾷ.
1712 1997 1754 2032 θ’,

955 2041 1167 2083 διατελευτᾷ
1206 2037 1348 2079 πάντα,
1385 2039 1406 2072 h
1443 2052 1474 2073 e.
1510 2041 1690 2079 διατελεῖ,
1722 2047 1758 2074 ut

954 2088 1124 2121 τελευτᾶν
1147 2097 1208 2130 pro
1235 2087 1412 2119 διατελεῖν
1438 2085 1566 2129 legitur
1588 2084 1640 2126 6',
1666 2087 1698 2120 9.
1723 2093 1759 2120 et

956 2145 976 2167 σ
1000 2158 1008 2172 ,
1033 2135 1146 2167 326⁶
1184 2132 1235 2164 Em
1263 2132 1305 2163 H.
1331 2142 1455 2163 numen
1480 2133 1617 2165 deorum
1642 2133 1758 2165 omnia

950 2180 1095 2223 perficit.
1135 2177 1317 2218 sententia,
1342 2177 1498 2221 qualibus
1520 2182 1654 2211 scatent
1674 2182 1755 2223 poe-

954 2231 1011 2259 tae
1035 2230 1069 2258 et
1091 2227 1290 2267 scriptores-x.

1000 2283 1042 2316 91
1060 2302 1095 2306 --
1112 2282 1187 2316 133.
1221 2279 1372 2313 narratio
1409 2280 1585 2324 praeclara
1610 2279 1653 2314 de
1681 2281 1755 2322 Ate,

954 2328 1049 2371 cujus
1080 2327 1285 2365 interventu,
1337 2326 1378 2358 ab
1412 2325 1543 2360 Junone
1577 2326 1757 2368 immissae,

953 2385 1059 2417 regno
1072 2373 1198 2417 Argivo
1217 2371 1348 2405 excidit
1359 2372 1533 2406 Hercules,
1562 2372 1661 2417 plena
1678 2376 1757 2406 sunt

954 2419 1121 2462 ejusmodi
1161 2417 1391 2452 narrationum
1429 2418 1568 2451 Homeri
1604 2418 1756 2463 scripta3

955 2477 1066 2508 neque
1087 2466 1171 2498 hanc
1190 2463 1344 2507 equidem
1366 2463 1419 2496 vel
1438 2463 1640 2505 deleverim,
1664 2464 1756 2508 quod

953 2511 1037 2544 fecit
1058 2509 1260 2553 Knightius‚
1288 2509 1341 2542 cui
1361 2509 1496 2542 videtur
1514 2520 1652 2555 prorsus
1672 2510 1757 2543 alie-

953 2568 1017 2597 na3
1051 2557 1104 2589 vel
1128 2557 1161 2589 in
1191 2556 1358 2589 Heraclea
1388 2555 1501 2588 nescio
1542 2566 1608 2599 qua
1641 2555 1758 2589 suble-

953 2609 1063 2643 ctam,
1099 2613 1242 2646 seroque
1281 2601 1469 2634 Homericis
1509 2600 1757 2646 interpositam,

954 2648 1156 2702 putaverim,
1180 2658 1246 2702 quo
1263 2657 1300 2679 se
1321 2646 1460 2680 inclinat
1475 2648 1644 2680 sententia
1661 2649 1757 2692 Hey-

953 2693 1019 2727 nei.
1057 2695 1200 2728 medium
1223 2691 1366 2726 ἀᾶσθαι
1388 2703 1489 2725 sensu
1509 2693 1614 2726 activi
1634 2695 1692 2735 91,
1711 2695 1756 2729 95

955 2746 991 2773 et
1016 2742 1090 2774 129.
1115 2738 1259 2773 offendit
1281 2738 1532 2779 Buttmannnm‚
1557 2739 1652 2783 cujus
1673 2719 1758 2774 liaeo

955 2792 1033 2819 sunt
1055 2786 1161 2818 verba
1187 2785 1291 2817 Lexil.
1317 2784 1342 2816 1.
1365 2795 1400 2827 p.
1420 2784 1498 2818 226.
1518 2796 1616 2818 ann:
1639 2786 1755 2826 „Der-

955 2831 1111 2875 gleiclien
1144 2831 1184 2863 im
1216 2841 1346 2871 ganzen
1374 2830 1501 2862 Homer
1529 2835 1625 2864 sonst
1648 2831 1756 2873 nicht,

955 2877 990 2910 in
1010 2877 1127 2910 Einem
1155 2876 1269 2909 Buche
1296 2876 1397 2915 aber,
1422 2875 1489 2908 und
1513 2876 1618 2909 selbst
1642 2877 1676 2910 in
1699 2877 1759 2910 Ei-

956 2934 1016 2956 ner
1036 2922 1205 2967 Episode,
1228 2920 1295 2954 wie
1318 2921 1410 2962 hier,
1433 2933 1536 2965 sogar
1554 2922 1759 2956 wiederholt

956 2969 1216 3004 vorkommende
1228 2968 1371 3001 Formen
1387 2968 1520 3012 greisen
1537 2969 1755 3003 bekanntlicn
