<?xml version="1.0" encoding="UTF-8"?>
<!DOCTYPE html PUBLIC "-//W3C//DTD XHTML 1.0 Transitional//EN"
    "http://www.w3.org/TR/xhtml1/DTD/xhtml1-transitional.dtd">
<html xmlns="http://www.w3.org/1999/xhtml" xml:lang="en" lang="en">
 <head>
  <title>
</title>
<meta http-equiv="Content-Type" content="text/html;charset=utf-8" />
  <meta name='ocr-system' content='tesseract 3.04.00' />
  <meta name='ocr-capabilities' content='ocr_page ocr_carea ocr_par ocr_line ocrx_word'/>
</head>
<body>
  <div class='ocr_page' id='page_1' title='image "./carmina02home/carmina02home_0360.png"; bbox 0 0 1847 3277; ppageno 0'>
   <div class='ocr_carea' id='block_1_1' title="bbox 122 119 203 158">
    <p class='ocr_par' dir='ltr' id='par_1_1' title="bbox 122 119 203 158">
     <span class='ocr_line' id='line_1_1' title="bbox 122 119 203 158; baseline 0.012 -1"><span class='ocrx_word' id='word_1_1' title='bbox 122 119 203 158; x_wconf 67' lang='lat'><em>144</em></span> 
     </span>
    </p>
   </div>
   <div class='ocr_carea' id='block_1_2' title="bbox 289 226 715 284">
    <p class='ocr_par' dir='ltr' id='par_1_2' title="bbox 289 226 715 284">
     <span class='ocr_line' id='line_1_2' title="bbox 289 226 715 284; baseline 0.005 -15"><span class='ocrx_word' id='word_1_2' title='bbox 289 227 529 280; x_wconf 76' lang='grc' dir='ltr'><em>σμερδαλέα</em></span> <span class='ocrx_word' id='word_1_3' title='bbox 559 226 690 284; x_wconf 80' lang='grc' dir='ltr'>ἰάχων</span> <span class='ocrx_word' id='word_1_4' title='bbox 709 243 715 251; x_wconf 91' lang='grc'>·</span> 
     </span>
    </p>
   </div>
   <div class='ocr_carea' id='block_1_3' title="bbox 750 122 1150 164">
    <p class='ocr_par' dir='ltr' id='par_1_3' title="bbox 750 122 1150 164">
     <span class='ocr_line' id='line_1_3' title="bbox 750 122 1150 164; baseline 0.003 -1"><span class='ocrx_word' id='word_1_5' title='bbox 750 122 1150 164; x_wconf 71' lang='grc' dir='ltr'><em>ΟΜΗΡΟΥ</em></span> 
     </span>
    </p>
   </div>
   <div class='ocr_carea' id='block_1_4' title="bbox 747 228 1389 284">
    <p class='ocr_par' dir='ltr' id='par_1_4' title="bbox 747 228 1389 284">
     <span class='ocr_line' id='line_1_4' title="bbox 747 228 1389 284; baseline 0 -12"><span class='ocrx_word' id='word_1_6' title='bbox 747 246 925 284; x_wconf 80' lang='grc' dir='ltr'><em>πρωτον</em></span> <span class='ocrx_word' id='word_1_7' title='bbox 956 228 1000 271; x_wconf 90' lang='grc' dir='ltr'><em>δ’</em></span> <span class='ocrx_word' id='word_1_8' title='bbox 1032 228 1125 272; x_wconf 78' lang='grc' dir='ltr'><em>ἕλεν</em></span> <span class='ocrx_word' id='word_1_9' title='bbox 1149 229 1389 284; x_wconf 77' lang='grc' dir='ltr'><em>Ἰφιτίωνα,</em></span> 
     </span>
    </p>
   </div>
   <div class='ocr_carea' id='block_1_5' title="bbox 290 281 1403 412">
    <p class='ocr_par' dir='ltr' id='par_1_5' title="bbox 290 281 1403 397">
     <span class='ocr_line' id='line_1_5' title="bbox 291 281 1400 342; baseline 0.004 -17"><span class='ocrx_word' id='word_1_10' title='bbox 291 283 450 326; x_wconf 77' lang='grc' dir='ltr'><em>ἐσθλὸν</em></span> <span class='ocrx_word' id='word_1_11' title='bbox 475 281 804 341; x_wconf 80' lang='grc' dir='ltr'><em>Ὀτρυντείδην,</em></span> <span class='ocrx_word' id='word_1_12' title='bbox 832 287 1001 328; x_wconf 84' lang='grc' dir='ltr'><em>πολέων</em></span> <span class='ocrx_word' id='word_1_13' title='bbox 1034 285 1227 342; x_wconf 78' lang='grc' dir='ltr'><em>ἡγήτορα</em></span> <span class='ocrx_word' id='word_1_14' title='bbox 1258 292 1400 337; x_wconf 78' lang='grc' dir='ltr'><em>λαῶν,</em></span> 
     </span>
     <span class='ocr_line' id='line_1_6' title="bbox 290 338 1403 412; baseline 0.004 -32"><span class='ocrx_word' id='word_1_15' title='bbox 290 338 367 381; x_wconf 89' lang='grc' dir='ltr'><em>τὸν</em></span> <span class='ocrx_word' id='word_1_16' title='bbox 403 340 569 396; x_wconf 88' lang='grc' dir='ltr'><em>Νύμφη</em></span> <span class='ocrx_word' id='word_1_17' title='bbox 600 342 692 384; x_wconf 84' lang='grc' dir='ltr'><strong>τέκε</strong></span> <span class='ocrx_word' id='word_1_18' title='bbox 700 343 818 408; x_wconf 81' lang='grc' dir='ltr'><em>νηῒς</em></span> <span class='ocrx_word' id='word_1_19' title='bbox 841 340 1070 412; x_wconf 50' lang='grc' dir='ltr'><em>Ὀτρυντῆϊ</em></span> <span class='ocrx_word' id='word_1_20' title='bbox 1098 343 1403 399; x_wconf 75' lang='grc' dir='ltr'><em>πτολιπόρθῳ,</em></span> 
     </span>
    </p>
   </div>
   <div class='ocr_carea' id='block_1_6' title="bbox 178 395 821 464">
    <p class='ocr_par' dir='ltr' id='par_1_6' title="bbox 178 395 821 464">
     <span class='ocr_line' id='line_1_7' title="bbox 178 395 821 464; baseline 0.002 -26"><span class='ocrx_word' id='word_1_21' title='bbox 178 400 258 439; x_wconf 81' lang='grc'><em>385</em></span> <span class='ocrx_word' id='word_1_22' title='bbox 294 395 456 464; x_wconf 74' lang='grc' dir='ltr'><em>Τμώλῳ</em></span> <span class='ocrx_word' id='word_1_23' title='bbox 486 397 574 440; x_wconf 84' lang='grc' dir='ltr'><em>ὕπο</em></span> <span class='ocrx_word' id='word_1_24' title='bbox 605 397 821 452; x_wconf 81' lang='grc' dir='ltr'><em>νιφόεντι,</em></span> 
     </span>
    </p>
   </div>
   <div class='ocr_carea' id='block_1_7' title="bbox 841 387 1374 469">
    <p class='ocr_par' dir='ltr' id='par_1_7' title="bbox 841 387 1374 469">
     <span class='ocr_line' id='line_1_8' title="bbox 841 387 1374 469; baseline 0.004 -30.123"><span class='ocrx_word' id='word_1_25' title='bbox 841 398 982 452; x_wconf 61' lang='lat'>“1&#39;6119</span> <span class='ocrx_word' id='word_1_26' title='bbox 1012 398 1058 440; x_wconf 82' lang='grc' dir='ltr'><em>ἐν</em></span> <span class='ocrx_word' id='word_1_27' title='bbox 1087 401 1208 442; x_wconf 88' lang='grc' dir='ltr'><em>πίονι</em></span> <span class='ocrx_word' id='word_1_28' title='bbox 1239 387 1374 469; x_wconf 78' lang='grc' dir='ltr'><em>δήμῳ.</em></span> 
     </span>
    </p>
   </div>
   <div class='ocr_carea' id='block_1_8' title="bbox 143 442 1671 791">
    <p class='ocr_par' dir='ltr' id='par_1_8' title="bbox 178 442 1671 791">
     <span class='ocr_line' id='line_1_9' title="bbox 289 442 1451 524; baseline 0.003 -30"><span class='ocrx_word' id='word_1_29' title='bbox 289 451 368 494; x_wconf 85' lang='grc' dir='ltr'><em>τὸν</em></span> <span class='ocrx_word' id='word_1_30' title='bbox 403 442 450 495; x_wconf 89' lang='lat'><em>6’</em></span> <span class='ocrx_word' id='word_1_31' title='bbox 484 453 585 503; x_wconf 74' lang='grc' dir='ltr'><em>ἰθύς</em></span> <span class='ocrx_word' id='word_1_32' title='bbox 614 458 816 507; x_wconf 78' lang='grc' dir='ltr'><em>μεμαῶτα</em></span> <span class='ocrx_word' id='word_1_33' title='bbox 831 453 947 524; x_wconf 88' lang='grc' dir='ltr'><em>βαλ’</em></span> <span class='ocrx_word' id='word_1_34' title='bbox 969 453 1092 522; x_wconf 70' lang='grc' dir='ltr'><em>ἔγχεϊ</em></span> <span class='ocrx_word' id='word_1_35' title='bbox 1122 458 1214 505; x_wconf 89' lang='grc' dir='ltr'><em>δῖος</em></span> <span class='ocrx_word' id='word_1_36' title='bbox 1240 453 1451 510; x_wconf 88' lang='grc' dir='ltr'><em>Ἀχιλλευς</em></span> 
     </span>
     <span class='ocr_line' id='line_1_10' title="bbox 290 508 1458 582; baseline 0.003 -32"><span class='ocrx_word' id='word_1_37' title='bbox 290 510 451 563; x_wconf 81' lang='grc' dir='ltr'><em>μέσσην</em></span> <span class='ocrx_word' id='word_1_38' title='bbox 481 509 784 578; x_wconf 83' lang='grc' dir='ltr'><em>κακκεφαλήν·</em></span> <span class='ocrx_word' id='word_1_39' title='bbox 816 508 842 563; x_wconf 80' lang='grc' dir='ltr'><strong><em>ἡ</em></strong></span> <span class='ocrx_word' id='word_1_40' title='bbox 876 509 916 552; x_wconf 89' lang='grc' dir='ltr'><em>δ’</em></span> <span class='ocrx_word' id='word_1_41' title='bbox 949 508 1105 565; x_wconf 71' lang='grc' dir='ltr'><em>ἄνδιχα</em></span> <span class='ocrx_word' id='word_1_42' title='bbox 1133 515 1252 554; x_wconf 83' lang='grc' dir='ltr'><em>πᾶσα</em></span> <span class='ocrx_word' id='word_1_43' title='bbox 1281 512 1458 582; x_wconf 76' lang='grc' dir='ltr'><em>κεάσθη.</em></span> 
     </span>
     <span class='ocr_line' id='line_1_11' title="bbox 295 564 1543 622; baseline 0.002 -15"><span class='ocrx_word' id='word_1_44' title='bbox 295 565 516 618; x_wconf 77' lang='grc' dir='ltr'><em>δούπησεν</em></span> <span class='ocrx_word' id='word_1_45' title='bbox 547 565 592 607; x_wconf 84' lang='grc' dir='ltr'><em>δὲ</em></span> <span class='ocrx_word' id='word_1_46' title='bbox 622 566 788 608; x_wconf 76' lang='grc' dir='ltr'><em>πεσών·</em></span> <span class='ocrx_word' id='word_1_47' title='bbox 820 564 843 608; x_wconf 96' lang='lat'><em>6</em></span> <span class='ocrx_word' id='word_1_48' title='bbox 876 565 917 609; x_wconf 91' lang='lat'><em>6&#39;</em></span> <span class='ocrx_word' id='word_1_49' title='bbox 949 567 1156 619; x_wconf 81' lang='grc' dir='ltr'><em>ἐπεύξατο</em></span> <span class='ocrx_word' id='word_1_50' title='bbox 1188 570 1281 618; x_wconf 89' lang='grc' dir='ltr'><em>δῖος</em></span> <span class='ocrx_word' id='word_1_51' title='bbox 1306 566 1543 622; x_wconf 82' lang='grc' dir='ltr'><em>Ἀχιλλεύς·</em></span> 
     </span>
     <span class='ocr_line' id='line_1_12' title="bbox 371 621 1671 691; baseline 0.003 -29.13"><span class='ocrx_word' id='word_1_52' title='bbox 371 624 582 671; x_wconf 79' lang='grc' dir='ltr'><em>,,Κεῖσαι,</em></span> <span class='ocrx_word' id='word_1_53' title='bbox 611 621 911 691; x_wconf 79' lang='grc' dir='ltr'><em>Ὀτρυντείδη,</em></span> <span class='ocrx_word' id='word_1_54' title='bbox 942 625 1118 666; x_wconf 83' lang='grc' dir='ltr'><em>πάντων</em></span> <span class='ocrx_word' id='word_1_55' title='bbox 1149 623 1434 678; x_wconf 81' lang='grc' dir='ltr'><em>ἐκπαγλότατ’</em></span> <span class='ocrx_word' id='word_1_56' title='bbox 1466 623 1671 679; x_wconf 68' lang='grc' dir='ltr'><em>ἀνδρῶν]</em></span> 
     </span>
     <span class='ocr_line' id='line_1_13' title="bbox 143 652 1490 738; baseline 0.002 -18.08"><span class='ocrx_word' id='word_1_57' title='bbox 143 682 261 725; x_wconf 81' lang='grc'><em>390</em></span> <span class='ocrx_word' id='word_1_58' title='bbox 291 652 449 720; x_wconf 53' lang='grc' dir='ltr'><em>ἐνθοίδε</em></span> <span class='ocrx_word' id='word_1_59' title='bbox 479 694 545 720; x_wconf 89' lang='grc' dir='ltr'><em>τοι</em></span> <span class='ocrx_word' id='word_1_60' title='bbox 575 677 790 728; x_wconf 78' lang='grc' dir='ltr'><em>θάνατος·</em></span> <span class='ocrx_word' id='word_1_61' title='bbox 820 677 942 734; x_wconf 85' lang='grc' dir='ltr'><em>γενεὴ</em></span> <span class='ocrx_word' id='word_1_62' title='bbox 975 681 1021 722; x_wconf 89' lang='grc' dir='ltr'><em>δέ</em></span> <span class='ocrx_word' id='word_1_63' title='bbox 1050 682 1119 722; x_wconf 88' lang='grc' dir='ltr'><em>τοί</em></span> <span class='ocrx_word' id='word_1_64' title='bbox 1149 679 1228 723; x_wconf 79' lang='grc' dir='ltr'><em>ἐστ’</em></span> <span class='ocrx_word' id='word_1_65' title='bbox 1263 680 1329 722; x_wconf 81' lang='grc' dir='ltr'><em>ἐπὶ-</em></span> <span class='ocrx_word' id='word_1_66' title='bbox 1359 682 1490 738; x_wconf 85' lang='grc' dir='ltr'><em>λίμνῃ</em></span> 
     </span>
     <span class='ocr_line' id='line_1_14' title="bbox 295 733 1320 791; baseline 0.003 -16"><span class='ocrx_word' id='word_1_67' title='bbox 295 735 486 790; x_wconf 81' lang='grc' dir='ltr'><em>Γυγαίῃ,</em></span> <span class='ocrx_word' id='word_1_68' title='bbox 518 733 594 777; x_wconf 81' lang='grc' dir='ltr'>ὅθι</span> <span class='ocrx_word' id='word_1_69' title='bbox 622 751 691 778; x_wconf 91' lang='grc' dir='ltr'><em>τοι</em></span> <span class='ocrx_word' id='word_1_70' title='bbox 720 735 894 789; x_wconf 79' lang='grc' dir='ltr'><em>τέμενος</em></span> <span class='ocrx_word' id='word_1_71' title='bbox 922 734 1144 791; x_wconf 80' lang='grc' dir='ltr'><em>πατρώϊόν</em></span> <span class='ocrx_word' id='word_1_72' title='bbox 1181 737 1320 787; x_wconf 81' lang='grc' dir='ltr'><em>ἐστιν,</em></span> 
     </span>
    </p>
   </div>
   <div class='ocr_carea' id='block_1_9' title="bbox 121 832 954 3005">
    <p class='ocr_par' dir='ltr' id='par_1_9' title="bbox 121 832 954 3005">
     <span class='ocr_line' id='line_1_15' title="bbox 122 832 934 894; baseline 0.003 -25"><span class='ocrx_word' id='word_1_73' title='bbox 122 832 186 875; x_wconf 76' lang='grc' dir='ltr'><em>θ’,</em></span> <span class='ocrx_word' id='word_1_74' title='bbox 211 835 280 870; x_wconf 75' lang='lat'><strong>320</strong></span> <span class='ocrx_word' id='word_1_75' title='bbox 309 841 375 870; x_wconf 81' lang='lat' dir='ltr'><strong>etc.</strong></span> <span class='ocrx_word' id='word_1_76' title='bbox 403 854 448 859; x_wconf 91' lang='lat'><em>--</em></span> <span class='ocrx_word' id='word_1_77' title='bbox 493 836 661 878; x_wconf 79' lang='grc' dir='ltr'><em>φρεσὶν</em></span> <span class='ocrx_word' id='word_1_78' title='bbox 694 857 738 861; x_wconf 87' lang='grc'>-</span> <span class='ocrx_word' id='word_1_79' title='bbox 771 834 934 894; x_wconf 77' lang='grc' dir='ltr'><em>ἀλκήν.</em></span> 
     </span>
     <span class='ocr_line' id='line_1_16' title="bbox 123 880 933 926; baseline 0.008 -14"><span class='ocrx_word' id='word_1_80' title='bbox 123 891 157 915; x_wconf 85' lang='lat' dir='ltr'><strong>v.</strong></span> <span class='ocrx_word' id='word_1_81' title='bbox 191 891 267 913; x_wconf 85' lang='lat' dir='ltr'><em>ann.</em></span> <span class='ocrx_word' id='word_1_82' title='bbox 306 881 348 913; x_wconf 81' lang='lat' dir='ltr'><em>ad</em></span> <span class='ocrx_word' id='word_1_83' title='bbox 386 881 440 921; x_wconf 88' lang='grc' dir='ltr'><em>α’,</em></span> <span class='ocrx_word' id='word_1_84' title='bbox 476 884 552 916; x_wconf 90' lang='grc'><em>149.</em></span> <span class='ocrx_word' id='word_1_85' title='bbox 583 901 627 907; x_wconf 90' lang='lat'><em>-—</em></span> <span class='ocrx_word' id='word_1_86' title='bbox 667 884 855 926; x_wconf 80' lang='grc' dir='ltr'><em>πρῶτον</em></span> <span class='ocrx_word' id='word_1_87' title='bbox 893 880 933 918; x_wconf 89' lang='lat'><em>6’</em></span> 
     </span>
     <span class='ocr_line' id='line_1_17' title="bbox 123 922 934 980; baseline 0.004 -21"><span class='ocrx_word' id='word_1_88' title='bbox 123 924 223 960; x_wconf 74' lang='grc' dir='ltr'><em>ἕλεν</em></span> <span class='ocrx_word' id='word_1_89' title='bbox 255 922 372 980; x_wconf 33' lang='lat' dir='ltr'><em>&#39;Inqnf</em></span> <span class='ocrx_word' id='word_1_90' title='bbox 386 928 507 960; x_wconf 88' lang='grc' dir='ltr'><em>ίωνα</em></span> <span class='ocrx_word' id='word_1_91' title='bbox 532 933 598 961; x_wconf 85' lang='lat' dir='ltr'><strong>etc.</strong></span> <span class='ocrx_word' id='word_1_92' title='bbox 636 940 843 973; x_wconf 82' lang='lat' dir='ltr'>magnopere</span> <span class='ocrx_word' id='word_1_93' title='bbox 878 941 934 962; x_wconf 87' lang='lat' dir='ltr'><em>‹r-</em></span> 
     </span>
     <span class='ocr_line' id='line_1_18' title="bbox 123 972 934 1027; baseline 0.007 -23"><span class='ocrx_word' id='word_1_94' title='bbox 123 972 218 1027; x_wconf 72' lang='lat' dir='ltr'>navit</span> <span class='ocrx_word' id='word_1_95' title='bbox 240 972 380 1016; x_wconf 79' lang='lat' dir='ltr'><strong>primam</strong></span> <span class='ocrx_word' id='word_1_96' title='bbox 400 974 536 1006; x_wconf 77' lang='lat' dir='ltr'>eaedem</span> <span class='ocrx_word' id='word_1_97' title='bbox 558 975 706 1008; x_wconf 68' lang='lat' dir='ltr'>Achillis.</span> <span class='ocrx_word' id='word_1_98' title='bbox 743 976 793 1007; x_wconf 73' lang='lat' dir='ltr'><em>E:</em></span> <span class='ocrx_word' id='word_1_99' title='bbox 814 975 934 1010; x_wconf 75' lang='grc' dir='ltr'><em>ιστέον</em></span> 
     </span>
     <span class='ocr_line' id='line_1_19' title="bbox 123 1015 934 1076; baseline 0.004 -24"><span class='ocrx_word' id='word_1_100' title='bbox 123 1015 181 1052; x_wconf 80' lang='grc' dir='ltr'><em>ὅτι</em></span> <span class='ocrx_word' id='word_1_101' title='bbox 205 1017 318 1076; x_wconf 62' lang='grc' dir='ltr'><em>πρλλὴ</em></span> <span class='ocrx_word' id='word_1_102' title='bbox 357 1019 420 1052; x_wconf 85' lang='grc' dir='ltr'><em>καὶ</em></span> <span class='ocrx_word' id='word_1_103' title='bbox 455 1018 624 1054; x_wconf 71' lang='grc' dir='ltr'><em>ἐνταῦθα</em></span> <span class='ocrx_word' id='word_1_104' title='bbox 657 1023 820 1055; x_wconf 79' lang='grc' dir='ltr'><em>ποικιλία</em></span> <span class='ocrx_word' id='word_1_105' title='bbox 848 1035 934 1066; x_wconf 82' lang='grc' dir='ltr'><em>γρα-</em></span> 
     </span>
     <span class='ocr_line' id='line_1_20' title="bbox 125 1062 934 1120; baseline 0.005 -23"><span class='ocrx_word' id='word_1_106' title='bbox 125 1063 200 1120; x_wconf 82' lang='grc' dir='ltr'><em>φῆς</em></span> <span class='ocrx_word' id='word_1_107' title='bbox 224 1063 282 1098; x_wconf 80' lang='grc' dir='ltr'><em>ἐπὶ</em></span> <span class='ocrx_word' id='word_1_108' title='bbox 307 1067 386 1103; x_wconf 82' lang='grc' dir='ltr'><em>τοῖς</em></span> <span class='ocrx_word' id='word_1_109' title='bbox 411 1062 485 1100; x_wconf 77' lang='grc' dir='ltr'><em>ὑπὸ</em></span> <span class='ocrx_word' id='word_1_110' title='bbox 507 1067 556 1112; x_wconf 78' lang='grc' dir='ltr'><em>τῷ</em></span> <span class='ocrx_word' id='word_1_111' title='bbox 580 1064 725 1110; x_wconf 70' lang='grc' dir='ltr'><em>Ἀχιλλεῐ</em></span> <span class='ocrx_word' id='word_1_112' title='bbox 748 1070 934 1109; x_wconf 78' lang='grc' dir='ltr'><em>πίπτουσι,</em></span> 
     </span>
     <span class='ocr_line' id='line_1_21' title="bbox 124 1101 931 1170; baseline 0.007 -27"><span class='ocrx_word' id='word_1_113' title='bbox 124 1108 176 1146; x_wconf 84' lang='grc' dir='ltr'><em>δι’</em></span> <span class='ocrx_word' id='word_1_114' title='bbox 214 1123 265 1143; x_wconf 90' lang='grc' dir='ltr'><em>ων</em></span> <span class='ocrx_word' id='word_1_115' title='bbox 300 1110 440 1145; x_wconf 72' lang='grc' dir='ltr'><em>πέπλον</em></span> <span class='ocrx_word' id='word_1_116' title='bbox 480 1101 657 1170; x_wconf 63' lang='lat' dir='ltr'><strong>§goe9tvaet</strong></span> <span class='ocrx_word' id='word_1_117' title='bbox 682 1113 876 1166; x_wconf 78' lang='grc' dir='ltr'><em>ῥητορείας</em></span> <span class='ocrx_word' id='word_1_118' title='bbox 912 1112 931 1150; x_wconf 87' lang='lat'><em>6</em></span> 
     </span>
     <span class='ocr_line' id='line_1_22' title="bbox 123 1153 934 1203; baseline 0.001 -11"><span class='ocrx_word' id='word_1_119' title='bbox 123 1170 183 1199; x_wconf 86' lang='grc' dir='ltr'><em>π.,</em></span> <span class='ocrx_word' id='word_1_120' title='bbox 217 1153 350 1191; x_wconf 80' lang='grc' dir='ltr'><em>ὁποῖόν</em></span> <span class='ocrx_word' id='word_1_121' title='bbox 382 1171 463 1191; x_wconf 75' lang='grc' dir='ltr'><em>τινα</em></span> <span class='ocrx_word' id='word_1_122' title='bbox 495 1159 557 1192; x_wconf 86' lang='grc' dir='ltr'><em>καὶ</em></span> <span class='ocrx_word' id='word_1_123' title='bbox 591 1158 660 1202; x_wconf 78' lang='grc' dir='ltr'><em>πρὸ</em></span> <span class='ocrx_word' id='word_1_124' title='bbox 685 1158 827 1194; x_wconf 82' lang='grc' dir='ltr'><em>τούτων</em></span> <span class='ocrx_word' id='word_1_125' title='bbox 853 1159 934 1203; x_wconf 79' lang='grc' dir='ltr'><em>ἐξύ-</em></span> 
     </span>
     <span class='ocr_line' id='line_1_23' title="bbox 125 1202 934 1261; baseline 0.006 -25"><span class='ocrx_word' id='word_1_126' title='bbox 125 1215 232 1246; x_wconf 68' lang='grc' dir='ltr'><em>φατε,</em></span> <span class='ocrx_word' id='word_1_127' title='bbox 257 1204 318 1237; x_wconf 78' lang='grc' dir='ltr'><em>καὶ</em></span> <span class='ocrx_word' id='word_1_128' title='bbox 335 1203 438 1258; x_wconf 80' lang='grc' dir='ltr'><em>οὐχ</em></span> <span class='ocrx_word' id='word_1_129' title='bbox 424 1202 488 1238; x_wconf 68' lang='grc' dir='ltr'><em>ἵνα</em></span> <span class='ocrx_word' id='word_1_130' title='bbox 507 1202 638 1261; x_wconf 86' lang='grc' dir='ltr'><em>μόνον,</em></span> <span class='ocrx_word' id='word_1_131' title='bbox 664 1205 752 1240; x_wconf 86' lang='grc' dir='ltr'><em>α’λλα</em></span> <span class='ocrx_word' id='word_1_132' title='bbox 780 1205 934 1245; x_wconf 72' lang='grc' dir='ltr'><em>πολλοὺς</em></span> 
     </span>
     <span class='ocr_line' id='line_1_24' title="bbox 125 1246 935 1296; baseline 0.003 -12.132"><span class='ocrx_word' id='word_1_133' title='bbox 125 1249 320 1290; x_wconf 48' lang='grc' dir='ltr'><em>Ἀκαλούς.</em></span> <span class='ocrx_word' id='word_1_134' title='bbox 348 1246 367 1283; x_wconf 90' lang='lat'><em>6</em></span> <span class='ocrx_word' id='word_1_135' title='bbox 387 1249 453 1292; x_wconf 63' lang='grc' dir='ltr'><em>μὲν</em></span> <span class='ocrx_word' id='word_1_136' title='bbox 472 1252 540 1294; x_wconf 75' lang='grc' dir='ltr'><em>γὰρ</em></span> <span class='ocrx_word' id='word_1_137' title='bbox 557 1249 810 1295; x_wconf 81' lang='grc' dir='ltr'><em>Ὀτρυντείδης</em></span> <span class='ocrx_word' id='word_1_138' title='bbox 833 1266 852 1285; x_wconf 87' lang='grc' dir='ltr'><em>τ</em></span> <span class='ocrx_word' id='word_1_139' title='bbox 865 1255 935 1296; x_wconf 86' lang='grc' dir='ltr'><em>ηλ-</em></span> 
     </span>
     <span class='ocr_line' id='line_1_25' title="bbox 127 1293 936 1340; baseline 0.001 -10"><span class='ocrx_word' id='word_1_140' title='bbox 127 1293 275 1340; x_wconf 78' lang='grc' dir='ltr'><em>αυγὲς</em></span> <span class='ocrx_word' id='word_1_141' title='bbox 309 1296 569 1337; x_wconf 81' lang='grc' dir='ltr'><em>πρόσωπον</em></span> <span class='ocrx_word' id='word_1_142' title='bbox 603 1299 719 1339; x_wconf 72' lang='lat' dir='ltr'>(pind.</span> <span class='ocrx_word' id='word_1_143' title='bbox 744 1299 936 1340; x_wconf 84' lang='grc'><em>01.6,3)</em></span> 
     </span>
     <span class='ocr_line' id='line_1_26' title="bbox 127 1341 937 1399; baseline 0.001 -22"><span class='ocrx_word' id='word_1_144' title='bbox 127 1343 192 1386; x_wconf 89' lang='grc' dir='ltr'><em>τῆς</em></span> <span class='ocrx_word' id='word_1_145' title='bbox 223 1343 290 1376; x_wconf 83' lang='grc' dir='ltr'><em>τοῦ</em></span> <span class='ocrx_word' id='word_1_146' title='bbox 325 1341 445 1386; x_wconf 81' lang='grc' dir='ltr'><em>η’ρωος</em></span> <span class='ocrx_word' id='word_1_147' title='bbox 479 1343 674 1399; x_wconf 65' lang='grc' dir='ltr'><em>αοιστείας.</em></span> <span class='ocrx_word' id='word_1_148' title='bbox 718 1341 862 1387; x_wconf 75' lang='grc' dir='ltr'><em>ἡγεμων</em></span> <span class='ocrx_word' id='word_1_149' title='bbox 899 1356 937 1378; x_wconf 87' lang='grc' dir='ltr'><em>τε</em></span> 
     </span>
     <span class='ocr_line' id='line_1_27' title="bbox 127 1388 939 1434; baseline 0.001 -12"><span class='ocrx_word' id='word_1_150' title='bbox 127 1388 195 1432; x_wconf 82' lang='grc' dir='ltr'><em>γάρ</em></span> <span class='ocrx_word' id='word_1_151' title='bbox 228 1388 324 1426; x_wconf 80' lang='grc' dir='ltr'><em>ἐστι,</em></span> <span class='ocrx_word' id='word_1_152' title='bbox 358 1390 421 1423; x_wconf 82' lang='grc' dir='ltr'><em>καὶ</em></span> <span class='ocrx_word' id='word_1_153' title='bbox 453 1393 532 1428; x_wconf 87' lang='grc' dir='ltr'><em>οἰος</em></span> <span class='ocrx_word' id='word_1_154' title='bbox 561 1391 612 1423; x_wconf 78' lang='grc' dir='ltr'><em>τῶ</em></span> <span class='ocrx_word' id='word_1_155' title='bbox 634 1388 777 1433; x_wconf 69' lang='grc' dir='ltr'><em>Αχιλλεῖ</em></span> <span class='ocrx_word' id='word_1_156' title='bbox 808 1391 939 1434; x_wconf 79' lang='grc' dir='ltr'><em>γνωρί-</em></span> 
     </span>
     <span class='ocr_line' id='line_1_28' title="bbox 127 1435 939 1477; baseline 0 -8"><span class='ocrx_word' id='word_1_157' title='bbox 127 1437 269 1477; x_wconf 77' lang='grc' dir='ltr'><em>ζεσθαι.</em></span> <span class='ocrx_word' id='word_1_158' title='bbox 302 1435 457 1468; x_wconf 72' lang='lat' dir='ltr'>similiter</span> <span class='ocrx_word' id='word_1_159' title='bbox 482 1436 598 1469; x_wconf 73' lang='grc'><em>501101.</em></span> <span class='ocrx_word' id='word_1_160' title='bbox 626 1437 665 1470; x_wconf 87' lang='lat' dir='ltr'><strong>B.</strong></span> <span class='ocrx_word' id='word_1_161' title='bbox 699 1456 743 1460; x_wconf 89' lang='lat'><em>—-</em></span> <span class='ocrx_word' id='word_1_162' title='bbox 784 1439 939 1472; x_wconf 91' lang='grc' dir='ltr'><em>πτολι-</em></span> 
     </span>
     <span class='ocr_line' id='line_1_29' title="bbox 128 1480 940 1538; baseline 0.003 -23"><span class='ocrx_word' id='word_1_163' title='bbox 128 1481 306 1525; x_wconf 78' lang='grc' dir='ltr'><em>πόρθῳ.</em></span> <span class='ocrx_word' id='word_1_164' title='bbox 333 1481 387 1525; x_wconf 77' lang='grc' dir='ltr'><em>β’,</em></span> <span class='ocrx_word' id='word_1_165' title='bbox 412 1482 480 1515; x_wconf 74' lang='lat'><em>273</em></span> <span class='ocrx_word' id='word_1_166' title='bbox 505 1490 572 1514; x_wconf 87' lang='lat' dir='ltr'><strong>etc.</strong></span> <span class='ocrx_word' id='word_1_167' title='bbox 595 1501 641 1505; x_wconf 90' lang='lat'>—</span> <span class='ocrx_word' id='word_1_168' title='bbox 686 1484 868 1538; x_wconf 75' lang='grc' dir='ltr'><em>Τμώλῳ.</em></span> <span class='ocrx_word' id='word_1_169' title='bbox 895 1480 940 1527; x_wconf 84' lang='grc' dir='ltr'><em>β’,</em></span> 
     </span>
     <span class='ocr_line' id='line_1_30' title="bbox 129 1525 940 1571; baseline 0 -9"><span class='ocrx_word' id='word_1_170' title='bbox 129 1527 210 1562; x_wconf 88' lang='grc'><strong>866.</strong></span> <span class='ocrx_word' id='word_1_171' title='bbox 235 1546 280 1551; x_wconf 88' lang='lat'><em>—-</em></span> <span class='ocrx_word' id='word_1_172' title='bbox 323 1525 559 1571; x_wconf 83' lang='grc' dir='ltr'><em>νιφόεντι.</em></span> <span class='ocrx_word' id='word_1_173' title='bbox 585 1528 636 1570; x_wconf 89' lang='grc' dir='ltr'><em>ν,</em></span> <span class='ocrx_word' id='word_1_174' title='bbox 663 1529 752 1569; x_wconf 81' lang='grc'><em>754,</em></span> <span class='ocrx_word' id='word_1_175' title='bbox 779 1528 832 1571; x_wconf 77' lang='grc' dir='ltr'><strong><em>ξ</em></strong></span> <span class='ocrx_word' id='word_1_176' title='bbox 861 1530 940 1569; x_wconf 71' lang='grc' dir='ltr'><em>ΞΞ7,</em></span> 
     </span>
     <span class='ocr_line' id='line_1_31' title="bbox 130 1554 942 1617; baseline 0 -9"><span class='ocrx_word' id='word_1_177' title='bbox 130 1572 181 1614; x_wconf 87' lang='grc' dir='ltr'><em>σ’,</em></span> <span class='ocrx_word' id='word_1_178' title='bbox 205 1575 273 1608; x_wconf 89' lang='grc'><em>615</em></span> <span class='ocrx_word' id='word_1_179' title='bbox 301 1581 365 1606; x_wconf 85' lang='lat' dir='ltr'><strong>etc.</strong></span> <span class='ocrx_word' id='word_1_180' title='bbox 412 1573 463 1605; x_wconf 82' lang='lat' dir='ltr'><em>E:</em></span> <span class='ocrx_word' id='word_1_181' title='bbox 505 1554 656 1616; x_wconf 69' lang='grc' dir='ltr'><em>Τμῶλύς</em></span> <span class='ocrx_word' id='word_1_182' title='bbox 688 1573 726 1608; x_wconf 75' lang='grc' dir='ltr'><em>δὲ</em></span> <span class='ocrx_word' id='word_1_183' title='bbox 759 1572 845 1617; x_wconf 84' lang='grc' dir='ltr'><em>ὅρος</em></span> <span class='ocrx_word' id='word_1_184' title='bbox 880 1575 942 1608; x_wconf 82' lang='grc' dir='ltr'><em>καὶ</em></span> 
     </span>
     <span class='ocr_line' id='line_1_32' title="bbox 130 1617 942 1666; baseline 0.001 -12"><span class='ocrx_word' id='word_1_185' title='bbox 130 1617 246 1660; x_wconf 78' lang='grc' dir='ltr'><em>αυτὸς</em></span> <span class='ocrx_word' id='word_1_186' title='bbox 278 1619 422 1654; x_wconf 77' lang='grc' dir='ltr'><em>Λύδιον</em></span> <span class='ocrx_word' id='word_1_187' title='bbox 454 1617 612 1665; x_wconf 85' lang='grc' dir='ltr'><em>υψηλόν.</em></span> <span class='ocrx_word' id='word_1_188' title='bbox 667 1620 726 1655; x_wconf 84' lang='grc' dir='ltr'><em>διὸ</em></span> <span class='ocrx_word' id='word_1_189' title='bbox 762 1620 942 1666; x_wconf 79' lang='grc' dir='ltr'><em>νιφόεντα</em></span> 
     </span>
     <span class='ocr_line' id='line_1_33' title="bbox 129 1661 941 1723; baseline 0.001 -21"><span class='ocrx_word' id='word_1_190' title='bbox 129 1665 223 1710; x_wconf 85' lang='grc' dir='ltr'><em>λέγει</em></span> <span class='ocrx_word' id='word_1_191' title='bbox 247 1663 367 1700; x_wconf 78' lang='grc' dir='ltr'><em>αὐτόν</em></span> <span class='ocrx_word' id='word_1_192' title='bbox 394 1661 413 1699; x_wconf 96' lang='lat'><em>6</em></span> <span class='ocrx_word' id='word_1_193' title='bbox 439 1679 476 1699; x_wconf 85' lang='grc' dir='ltr'><em>π.</em></span> <span class='ocrx_word' id='word_1_194' title='bbox 496 1666 658 1723; x_wconf 54' lang='lat' dir='ltr'>Dionys,</span> <span class='ocrx_word' id='word_1_195' title='bbox 681 1668 815 1723; x_wconf 81' lang='lat' dir='ltr'>Perieg.</span> <span class='ocrx_word' id='word_1_196' title='bbox 842 1670 941 1703; x_wconf 87' lang='lat'><strong>830:</strong></span> 
     </span>
     <span class='ocr_line' id='line_1_34' title="bbox 130 1708 944 1769; baseline 0.001 -21"><span class='ocrx_word' id='word_1_197' title='bbox 130 1713 283 1758; x_wconf 89' lang='grc' dir='ltr'><em>Μῃονίη</em></span> <span class='ocrx_word' id='word_1_198' title='bbox 309 1709 349 1746; x_wconf 81' lang='grc' dir='ltr'><em>δ’</em></span> <span class='ocrx_word' id='word_1_199' title='bbox 383 1709 442 1746; x_wconf 80' lang='grc' dir='ltr'><em>ἐπὶ</em></span> <span class='ocrx_word' id='word_1_200' title='bbox 466 1723 571 1769; x_wconf 81' lang='grc' dir='ltr'><em>τησιν</em></span> <span class='ocrx_word' id='word_1_201' title='bbox 601 1708 658 1746; x_wconf 81' lang='grc' dir='ltr'><em>ἐπ’</em></span> <span class='ocrx_word' id='word_1_202' title='bbox 690 1712 865 1769; x_wconf 88' lang='grc' dir='ltr'><em>αντολίην</em></span> <span class='ocrx_word' id='word_1_203' title='bbox 888 1726 944 1748; x_wconf 82' lang='grc' dir='ltr'><em>τε·</em></span> 
     </span>
     <span class='ocr_line' id='line_1_35' title="bbox 132 1757 941 1803; baseline -0.001 -10"><span class='ocrx_word' id='word_1_204' title='bbox 132 1759 313 1794; x_wconf 80' lang='grc' dir='ltr'><em>τάννσται</em></span> <span class='ocrx_word' id='word_1_205' title='bbox 343 1757 483 1803; x_wconf 80' lang='grc' dir='ltr'><em>Τμώλῳ</em></span> <span class='ocrx_word' id='word_1_206' title='bbox 512 1757 571 1793; x_wconf 85' lang='grc' dir='ltr'><em>ὑπ’</em></span> <span class='ocrx_word' id='word_1_207' title='bbox 596 1757 798 1802; x_wconf 80' lang='grc' dir='ltr'><em>η’νεμόεντι.</em></span> <span class='ocrx_word' id='word_1_208' title='bbox 839 1760 941 1793; x_wconf 83' lang='lat' dir='ltr'><strong>sch.-</strong></span> 
     </span>
     <span class='ocr_line' id='line_1_36' title="bbox 121 1803 945 1850; baseline -0.001 -10"><span class='ocrx_word' id='word_1_209' title='bbox 121 1804 235 1850; x_wconf 72' lang='grc' dir='ltr'><em>’Ύδη</em></span> <span class='ocrx_word' id='word_1_210' title='bbox 270 1803 334 1839; x_wconf 75' lang='grc' dir='ltr'><em>διὰ</em></span> <span class='ocrx_word' id='word_1_211' title='bbox 361 1804 430 1839; x_wconf 77' lang='grc' dir='ltr'><em>τοῦ</em></span> <span class='ocrx_word' id='word_1_212' title='bbox 455 1808 476 1840; x_wconf 89' lang='lat'><em>6</em></span> <span class='ocrx_word' id='word_1_213' title='bbox 499 1804 604 1844; x_wconf 81' lang='grc' dir='ltr'><em>πόλις</em></span> <span class='ocrx_word' id='word_1_214' title='bbox 630 1807 792 1847; x_wconf 85' lang='grc' dir='ltr'><em>Λυδί,ας</em></span> <span class='ocrx_word' id='word_1_215' title='bbox 826 1804 849 1850; x_wconf 82' lang='grc' dir='ltr'><em>ἦ</em></span> <span class='ocrx_word' id='word_1_216' title='bbox 875 1808 945 1839; x_wconf 84' lang='grc' dir='ltr'><em>νῦν</em></span> 
     </span>
     <span class='ocr_line' id='line_1_37' title="bbox 131 1850 943 1896; baseline -0.001 -8"><span class='ocrx_word' id='word_1_217' title='bbox 131 1851 338 1895; x_wconf 70' lang='grc' dir='ltr'><em>καλουμένη</em></span> <span class='ocrx_word' id='word_1_218' title='bbox 364 1851 544 1894; x_wconf 78' lang='grc' dir='ltr'>Σάρδεις·</span> <span class='ocrx_word' id='word_1_219' title='bbox 571 1852 634 1885; x_wconf 84' lang='grc' dir='ltr'><em>διοὶ</em></span> <span class='ocrx_word' id='word_1_220' title='bbox 660 1851 699 1887; x_wconf 77' lang='grc' dir='ltr'><em>δὲ</em></span> <span class='ocrx_word' id='word_1_221' title='bbox 723 1854 792 1887; x_wconf 81' lang='grc' dir='ltr'><em>τοῦ</em></span> <span class='ocrx_word' id='word_1_222' title='bbox 816 1851 859 1887; x_wconf 89' lang='grc' dir='ltr'><em>λ</em></span> <span class='ocrx_word' id='word_1_223' title='bbox 858 1850 943 1896; x_wconf 84' lang='grc' dir='ltr'><em>’Τλη</em></span> 
     </span>
     <span class='ocr_line' id='line_1_38' title="bbox 133 1895 944 1943; baseline 0 -10"><span class='ocrx_word' id='word_1_224' title='bbox 133 1896 201 1943; x_wconf 86' lang='grc' dir='ltr'><em>(ε’,</em></span> <span class='ocrx_word' id='word_1_225' title='bbox 219 1899 318 1941; x_wconf 82' lang='grc'><strong>708.)</strong></span> <span class='ocrx_word' id='word_1_226' title='bbox 341 1895 449 1938; x_wconf 80' lang='grc' dir='ltr'><em>πόλις</em></span> <span class='ocrx_word' id='word_1_227' title='bbox 476 1900 668 1937; x_wconf 33' lang='grc' dir='ltr'><em>Βοιωτιᾞας</em></span> <span class='ocrx_word' id='word_1_228' title='bbox 705 1900 751 1933; x_wconf 85' lang='lat' dir='ltr'><strong>cf.</strong></span> <span class='ocrx_word' id='word_1_229' title='bbox 770 1900 887 1932; x_wconf 78' lang='lat' dir='ltr'><em>strab.</em></span> <span class='ocrx_word' id='word_1_230' title='bbox 909 1901 944 1940; x_wconf 87' lang='grc'><em>9,</em></span> 
     </span>
     <span class='ocr_line' id='line_1_39' title="bbox 132 1924 944 1988; baseline -0.001 -9.966"><span class='ocrx_word' id='word_1_231' title='bbox 132 1948 188 1986; x_wconf 69' lang='grc'><em>2.,</em></span> <span class='ocrx_word' id='word_1_232' title='bbox 213 1945 281 1978; x_wconf 83' lang='lat' dir='ltr'><strong>vol.</strong></span> <span class='ocrx_word' id='word_1_233' title='bbox 306 1946 340 1978; x_wconf 77' lang='lat'><strong>2.</strong></span> <span class='ocrx_word' id='word_1_234' title='bbox 368 1956 401 1988; x_wconf 89' lang='lat' dir='ltr'><em>p.</em></span> <span class='ocrx_word' id='word_1_235' title='bbox 427 1946 507 1979; x_wconf 75' lang='lat'><strong>259.</strong></span> <span class='ocrx_word' id='word_1_236' title='bbox 540 1944 592 1977; x_wconf 89' lang='lat' dir='ltr'><em>ed.</em></span> <span class='ocrx_word' id='word_1_237' title='bbox 621 1945 812 1978; x_wconf 81' lang='lat' dir='ltr'>Tauchniz.</span> <span class='ocrx_word' id='word_1_238' title='bbox 854 1924 944 1978; x_wconf 78' lang='lat' dir='ltr'>iderti</span> 
     </span>
     <span class='ocr_line' id='line_1_40' title="bbox 134 1989 943 2045; baseline 0.001 -21"><span class='ocrx_word' id='word_1_239' title='bbox 134 1992 198 2031; x_wconf 91' lang='lat'><strong>1&#39;3,</strong></span> <span class='ocrx_word' id='word_1_240' title='bbox 232 1992 284 2031; x_wconf 89' lang='grc'><em>4.,</em></span> <span class='ocrx_word' id='word_1_241' title='bbox 318 1990 384 2022; x_wconf 90' lang='lat' dir='ltr'><strong>vol.</strong></span> <span class='ocrx_word' id='word_1_242' title='bbox 412 1992 444 2045; x_wconf 92' lang='lat'><strong>3.</strong></span> <span class='ocrx_word' id='word_1_243' title='bbox 479 2002 512 2035; x_wconf 90' lang='lat' dir='ltr'><em>p.</em></span> <span class='ocrx_word' id='word_1_244' title='bbox 544 1991 619 2025; x_wconf 71' lang='lat'><em>152</em></span> <span class='ocrx_word' id='word_1_245' title='bbox 632 2014 641 2031; x_wconf 92' lang='lat'><strong>,</strong></span> <span class='ocrx_word' id='word_1_246' title='bbox 679 1991 872 2035; x_wconf 85' lang='lat' dir='ltr'>perscripto</span> <span class='ocrx_word' id='word_1_247' title='bbox 898 1989 943 2036; x_wconf 84' lang='grc' dir='ltr'><em>β’,</em></span> 
     </span>
     <span class='ocr_line' id='line_1_41' title="bbox 134 2035 945 2092; baseline -0.001 -21"><span class='ocrx_word' id='word_1_248' title='bbox 134 2038 233 2072; x_wconf 84' lang='grc'><strong>866.-</strong></span> <span class='ocrx_word' id='word_1_249' title='bbox 265 2035 550 2092; x_wconf 65' lang='lat' dir='ltr'>n90629ciq30v6i</span> <span class='ocrx_word' id='word_1_250' title='bbox 584 2048 679 2077; x_wconf 81' lang='grc' dir='ltr'><em>τινες</em></span> <span class='ocrx_word' id='word_1_251' title='bbox 711 2037 852 2092; x_wconf 86' lang='grc' dir='ltr'><em>τούτῳ,</em></span> <span class='ocrx_word' id='word_1_252' title='bbox 890 2038 945 2070; x_wconf 86' lang='grc'><em>111-</em></span> 
     </span>
     <span class='ocr_line' id='line_1_42' title="bbox 134 2080 943 2139; baseline 0.001 -23"><span class='ocrx_word' id='word_1_253' title='bbox 134 2083 223 2137; x_wconf 88' lang='lat' dir='ltr'>quit,</span> <span class='ocrx_word' id='word_1_254' title='bbox 249 2082 423 2124; x_wconf 79' lang='grc' dir='ltr'><em>τέταρτον</em></span> <span class='ocrx_word' id='word_1_255' title='bbox 447 2082 555 2124; x_wconf 79' lang='grc' dir='ltr'><em>ἔπος,</em></span> <span class='ocrx_word' id='word_1_256' title='bbox 587 2081 756 2139; x_wconf 84' lang='grc' dir='ltr'><em>Τμωλῳ</em></span> <span class='ocrx_word' id='word_1_257' title='bbox 782 2080 869 2118; x_wconf 69' lang='grc' dir='ltr'><em>ὑπὸ</em></span> <span class='ocrx_word' id='word_1_258' title='bbox 897 2102 943 2107; x_wconf 90' lang='lat'><em>-—</em></span> 
     </span>
     <span class='ocr_line' id='line_1_43' title="bbox 134 2125 944 2186; baseline -0.002 -22"><span class='ocrx_word' id='word_1_259' title='bbox 134 2127 277 2173; x_wconf 79' lang='grc' dir='ltr'><em>δήμῳ.</em></span> <span class='ocrx_word' id='word_1_260' title='bbox 322 2125 478 2173; x_wconf 75' lang='grc' dir='ltr'><em>οὐδεμία</em></span> <span class='ocrx_word' id='word_1_261' title='bbox 503 2126 542 2164; x_wconf 84' lang='grc' dir='ltr'><em>δ’</em></span> <span class='ocrx_word' id='word_1_262' title='bbox 568 2127 770 2172; x_wconf 78' lang='grc' dir='ltr'><em>εὑρίσκεται</em></span> <span class='ocrx_word' id='word_1_263' title='bbox 786 2129 880 2186; x_wconf 80' lang='grc' dir='ltr'><em>’Τδη</em></span> <span class='ocrx_word' id='word_1_264' title='bbox 907 2127 944 2163; x_wconf 77' lang='grc' dir='ltr'><em>ἐν</em></span> 
     </span>
     <span class='ocr_line' id='line_1_44' title="bbox 133 2173 944 2232; baseline -0.001 -22"><span class='ocrx_word' id='word_1_265' title='bbox 133 2179 214 2215; x_wconf 86' lang='grc' dir='ltr'><em>τοῖς</em></span> <span class='ocrx_word' id='word_1_266' title='bbox 231 2175 383 2215; x_wconf 83' lang='grc' dir='ltr'><strong>Λυδοῖς.</strong></span> <span class='ocrx_word' id='word_1_267' title='bbox 399 2193 443 2201; x_wconf 92' lang='lat'><em>-</em></span> <span class='ocrx_word' id='word_1_268' title='bbox 468 2175 503 2210; x_wconf 75' lang='grc' dir='ltr'><em>οἱ</em></span> <span class='ocrx_word' id='word_1_269' title='bbox 517 2173 556 2210; x_wconf 79' lang='grc' dir='ltr'><em>δὲ</em></span> <span class='ocrx_word' id='word_1_270' title='bbox 572 2175 637 2216; x_wconf 75' lang='grc' dir='ltr'><em>τὰς</em></span> <span class='ocrx_word' id='word_1_271' title='bbox 657 2173 836 2232; x_wconf 77' lang='grc' dir='ltr'>Σάρδεις</span> <span class='ocrx_word' id='word_1_272' title='bbox 835 2174 944 2218; x_wconf 80' lang='grc' dir='ltr'><em>’Τδην</em></span> 
     </span>
     <span class='ocr_line' id='line_1_45' title="bbox 135 2220 946 2266; baseline -0.001 -9"><span class='ocrx_word' id='word_1_273' title='bbox 135 2220 402 2265; x_wconf 79' lang='grc' dir='ltr'><em>ὀνομάζουσιν,</em></span> <span class='ocrx_word' id='word_1_274' title='bbox 428 2221 464 2256; x_wconf 74' lang='grc' dir='ltr'><em>οἱ</em></span> <span class='ocrx_word' id='word_1_275' title='bbox 489 2220 530 2256; x_wconf 83' lang='grc' dir='ltr'><em>δε</em></span> <span class='ocrx_word' id='word_1_276' title='bbox 557 2221 624 2266; x_wconf 80' lang='grc' dir='ltr'><em>τὴν</em></span> <span class='ocrx_word' id='word_1_277' title='bbox 647 2220 850 2266; x_wconf 82' lang='grc' dir='ltr'><em>ακρόπολιν</em></span> <span class='ocrx_word' id='word_1_278' title='bbox 875 2220 946 2256; x_wconf 81' lang='grc' dir='ltr'><em>αύ-</em></span> 
     </span>
     <span class='ocr_line' id='line_1_46' title="bbox 135 2267 944 2312; baseline 0.005 -12"><span class='ocrx_word' id='word_1_279' title='bbox 135 2267 216 2312; x_wconf 79' lang='grc' dir='ltr'><em>τῆς.</em></span> <span class='ocrx_word' id='word_1_280' title='bbox 264 2267 349 2300; x_wconf 85' lang='lat' dir='ltr'>Plin.</span> <span class='ocrx_word' id='word_1_281' title='bbox 383 2268 426 2300; x_wconf 89' lang='lat' dir='ltr'><em>de</em></span> <span class='ocrx_word' id='word_1_282' title='bbox 459 2268 569 2312; x_wconf 74' lang='lat' dir='ltr'>Lydia</span> <span class='ocrx_word' id='word_1_283' title='bbox 602 2269 644 2302; x_wconf 90' lang='lat' dir='ltr'><em>H.</em></span> <span class='ocrx_word' id='word_1_284' title='bbox 671 2269 714 2302; x_wconf 89' lang='lat' dir='ltr'><em>N.</em></span> <span class='ocrx_word' id='word_1_285' title='bbox 748 2270 788 2312; x_wconf 89' lang='lat'><em>5,</em></span> <span class='ocrx_word' id='word_1_286' title='bbox 814 2270 879 2310; x_wconf 74' lang='lat'><em>29,</em></span> <span class='ocrx_word' id='word_1_287' title='bbox 912 2270 944 2310; x_wconf 85' lang='lat'><em>§-</em></span> 
     </span>
     <span class='ocr_line' id='line_1_47' title="bbox 136 2314 949 2350; baseline -0.004 -1"><span class='ocrx_word' id='word_1_288' title='bbox 136 2316 216 2350; x_wconf 74' lang='lat'><em>36:</em></span> <span class='ocrx_word' id='word_1_289' title='bbox 248 2314 439 2347; x_wconf 82' lang='lat' dir='ltr'><em>celebratur</em></span> <span class='ocrx_word' id='word_1_290' title='bbox 470 2316 617 2348; x_wconf 77' lang='lat' dir='ltr'><em>maxime</em></span> <span class='ocrx_word' id='word_1_291' title='bbox 642 2316 810 2350; x_wconf 79' lang='lat' dir='ltr'><em>Sardibus</em></span> <span class='ocrx_word' id='word_1_292' title='bbox 834 2316 869 2348; x_wconf 84' lang='lat' dir='ltr'>in</span> <span class='ocrx_word' id='word_1_293' title='bbox 894 2315 949 2347; x_wconf 85' lang='lat' dir='ltr'><em>la-</em></span> 
     </span>
     <span class='ocr_line' id='line_1_48' title="bbox 135 2361 951 2405; baseline -0.002 -10"><span class='ocrx_word' id='word_1_294' title='bbox 135 2366 210 2395; x_wconf 84' lang='lat' dir='ltr'>tere</span> <span class='ocrx_word' id='word_1_295' title='bbox 237 2361 368 2401; x_wconf 81' lang='lat' dir='ltr'><em>Tmoli,</em></span> <span class='ocrx_word' id='word_1_296' title='bbox 403 2361 460 2403; x_wconf 82' lang='lat' dir='ltr'><em>qui</em></span> <span class='ocrx_word' id='word_1_297' title='bbox 485 2366 591 2394; x_wconf 83' lang='lat' dir='ltr'>antea</span> <span class='ocrx_word' id='word_1_298' title='bbox 618 2362 769 2395; x_wconf 84' lang='lat' dir='ltr'><strong><em>Timolus</em></strong></span> <span class='ocrx_word' id='word_1_299' title='bbox 793 2362 951 2405; x_wconf 85' lang='lat' dir='ltr'><em>appella-</em></span> 
     </span>
     <span class='ocr_line' id='line_1_49' title="bbox 139 2406 950 2450; baseline 0 -10"><span class='ocrx_word' id='word_1_300' title='bbox 139 2408 262 2448; x_wconf 84' lang='lat' dir='ltr'><strong><em>batur,</em></strong></span> <span class='ocrx_word' id='word_1_301' title='bbox 295 2406 422 2439; x_wconf 82' lang='lat' dir='ltr'>vitibus</span> <span class='ocrx_word' id='word_1_302' title='bbox 455 2408 622 2448; x_wconf 79' lang='lat' dir='ltr'>consitus,</span> <span class='ocrx_word' id='word_1_303' title='bbox 657 2413 691 2441; x_wconf 81' lang='lat' dir='ltr'><em>et</em></span> <span class='ocrx_word' id='word_1_304' title='bbox 728 2420 767 2441; x_wconf 70' lang='lat' dir='ltr'><em>ex·</em></span> <span class='ocrx_word' id='word_1_305' title='bbox 801 2420 839 2441; x_wconf 85' lang='lat' dir='ltr'><em>eo</em></span> <span class='ocrx_word' id='word_1_306' title='bbox 869 2419 950 2450; x_wconf 84' lang='lat' dir='ltr'>pro-</span> 
     </span>
     <span class='ocr_line' id='line_1_50' title="bbox 132 2452 948 2497; baseline 0 -11"><span class='ocrx_word' id='word_1_307' title='bbox 132 2455 265 2497; x_wconf 78' lang='lat' dir='ltr'><em>fluente</em></span> <span class='ocrx_word' id='word_1_308' title='bbox 294 2452 453 2492; x_wconf 86' lang='lat' dir='ltr'><em>Pactolo,</em></span> <span class='ocrx_word' id='word_1_309' title='bbox 488 2453 668 2496; x_wconf 83' lang='lat' dir='ltr'>eodemque</span> <span class='ocrx_word' id='word_1_310' title='bbox 704 2454 948 2496; x_wconf 77' lang='lat' dir='ltr'><em>Chrysorrhoa,</em></span> 
     </span>
     <span class='ocr_line' id='line_1_51' title="bbox 140 2499 950 2543; baseline -0.001 -10"><span class='ocrx_word' id='word_1_311' title='bbox 140 2511 182 2533; x_wconf 85' lang='lat' dir='ltr'><em>ac</em></span> <span class='ocrx_word' id='word_1_312' title='bbox 198 2501 301 2542; x_wconf 81' lang='lat' dir='ltr'>fonte</span> <span class='ocrx_word' id='word_1_313' title='bbox 331 2499 456 2531; x_wconf 83' lang='lat' dir='ltr'><em>Tarne.</em></span> <span class='ocrx_word' id='word_1_314' title='bbox 490 2510 512 2530; x_wconf 82' lang='lat' dir='ltr'><strong><em>a</em></strong></span> <span class='ocrx_word' id='word_1_315' title='bbox 533 2499 702 2533; x_wconf 81' lang='lat' dir='ltr'>Maeoniis</span> <span class='ocrx_word' id='word_1_316' title='bbox 726 2501 848 2534; x_wconf 76' lang='lat' dir='ltr'>ciuitas</span> <span class='ocrx_word' id='word_1_317' title='bbox 872 2501 950 2543; x_wconf 84' lang='lat' dir='ltr'><em>ipsa</em></span> 
     </span>
     <span class='ocr_line' id='line_1_52' title="bbox 141 2545 948 2590; baseline 0 -12"><span class='ocrx_word' id='word_1_318' title='bbox 141 2545 242 2588; x_wconf 78' lang='lat' dir='ltr'><em>Hyde</em></span> <span class='ocrx_word' id='word_1_319' title='bbox 266 2545 419 2578; x_wconf 80' lang='lat' dir='ltr'><em>vocitata</em></span> <span class='ocrx_word' id='word_1_320' title='bbox 440 2549 503 2585; x_wconf 83' lang='lat' dir='ltr'><strong>est,</strong></span> <span class='ocrx_word' id='word_1_321' title='bbox 528 2545 624 2577; x_wconf 84' lang='lat' dir='ltr'><em>clara</em></span> <span class='ocrx_word' id='word_1_322' title='bbox 642 2551 768 2590; x_wconf 82' lang='lat' dir='ltr'>stagno</span> <span class='ocrx_word' id='word_1_323' title='bbox 793 2548 948 2590; x_wconf 75' lang='lat' dir='ltr'><strong>Gygaeo.</strong></span> 
     </span>
     <span class='ocr_line' id='line_1_53' title="bbox 143 2591 951 2634; baseline -0.001 -9"><span class='ocrx_word' id='word_1_324' title='bbox 143 2592 323 2625; x_wconf 81' lang='lat' dir='ltr'>Sardiana</span> <span class='ocrx_word' id='word_1_325' title='bbox 356 2602 446 2623; x_wconf 82' lang='lat' dir='ltr'><em>mmo</em></span> <span class='ocrx_word' id='word_1_326' title='bbox 470 2591 666 2634; x_wconf 83' lang='lat' dir='ltr'><em>appellatur</em></span> <span class='ocrx_word' id='word_1_327' title='bbox 691 2604 733 2625; x_wconf 81' lang='lat' dir='ltr'><em>ca</em></span> <span class='ocrx_word' id='word_1_328' title='bbox 757 2593 951 2633; x_wconf 74' lang='lat' dir='ltr'>jurisdictio</span> 
     </span>
     <span class='ocr_line' id='line_1_54' title="bbox 142 2637 950 2682; baseline -0.002 -9"><span class='ocrx_word' id='word_1_329' title='bbox 142 2644 210 2673; x_wconf 83' lang='lat' dir='ltr'><strong>etc.</strong></span> <span class='ocrx_word' id='word_1_330' title='bbox 245 2637 339 2670; x_wconf 84' lang='lat' dir='ltr'>aliud</span> <span class='ocrx_word' id='word_1_331' title='bbox 362 2641 413 2670; x_wconf 88' lang='lat' dir='ltr'><em>est</em></span> <span class='ocrx_word' id='word_1_332' title='bbox 432 2637 594 2680; x_wconf 87' lang='lat' dir='ltr'>oppidum</span> <span class='ocrx_word' id='word_1_333' title='bbox 612 2637 727 2680; x_wconf 65' lang='lat' dir='ltr'><strong>Hyde,</strong></span> <span class='ocrx_word' id='word_1_334' title='bbox 755 2638 843 2682; x_wconf 86' lang='lat' dir='ltr'>quod</span> <span class='ocrx_word' id='word_1_335' title='bbox 863 2638 950 2671; x_wconf 86' lang='lat' dir='ltr'>idem</span> 
     </span>
     <span class='ocr_line' id='line_1_55' title="bbox 143 2681 951 2724; baseline -0.001 -7"><span class='ocrx_word' id='word_1_336' title='bbox 143 2681 419 2718; x_wconf 84' lang='lat' dir='ltr'>commemoravit</span> <span class='ocrx_word' id='word_1_337' title='bbox 438 2682 485 2715; x_wconf 89' lang='lat' dir='ltr'><em>ib.</em></span> <span class='ocrx_word' id='word_1_338' title='bbox 514 2684 547 2724; x_wconf 84' lang='lat'><strong>§.</strong></span> <span class='ocrx_word' id='word_1_339' title='bbox 563 2683 631 2723; x_wconf 62' lang='lat'><em>25„</em></span> <span class='ocrx_word' id='word_1_340' title='bbox 655 2683 690 2716; x_wconf 93' lang='lat' dir='ltr'>in</span> <span class='ocrx_word' id='word_1_341' title='bbox 715 2684 860 2717; x_wconf 89' lang='lat' dir='ltr'>confinio</span> <span class='ocrx_word' id='word_1_342' title='bbox 879 2684 951 2717; x_wconf 88' lang='lat' dir='ltr'><em>Ga-</em></span> 
     </span>
     <span class='ocr_line' id='line_1_56' title="bbox 142 2728 953 2772; baseline -0.001 -9"><span class='ocrx_word' id='word_1_343' title='bbox 142 2731 247 2764; x_wconf 82' lang='lat' dir='ltr'>latiae</span> <span class='ocrx_word' id='word_1_344' title='bbox 271 2736 377 2772; x_wconf 81' lang='lat' dir='ltr'>atque</span> <span class='ocrx_word' id='word_1_345' title='bbox 396 2728 638 2772; x_wconf 81' lang='lat' dir='ltr'>Cappadociae</span> <span class='ocrx_word' id='word_1_346' title='bbox 657 2729 768 2763; x_wconf 86' lang='lat' dir='ltr'>situm.</span> <span class='ocrx_word' id='word_1_347' title='bbox 805 2730 850 2762; x_wconf 88' lang='lat' dir='ltr'><strong>cf.</strong></span> <span class='ocrx_word' id='word_1_348' title='bbox 871 2730 953 2763; x_wconf 83' lang='lat' dir='ltr'>cel-</span> 
     </span>
     <span class='ocr_line' id='line_1_57' title="bbox 142 2774 954 2819; baseline 0.001 -10"><span class='ocrx_word' id='word_1_349' title='bbox 142 2777 207 2809; x_wconf 78' lang='lat' dir='ltr'><strong>lar.</strong></span> <span class='ocrx_word' id='word_1_350' title='bbox 233 2776 264 2808; x_wconf 76' lang='lat'><strong>2.</strong></span> <span class='ocrx_word' id='word_1_351' title='bbox 293 2786 326 2819; x_wconf 91' lang='lat' dir='ltr'><em>p.</em></span> <span class='ocrx_word' id='word_1_352' title='bbox 355 2775 438 2815; x_wconf 72' lang='grc'><em>126,</em></span> <span class='ocrx_word' id='word_1_353' title='bbox 465 2776 544 2815; x_wconf 71' lang='grc'><em>128,</em></span> <span class='ocrx_word' id='word_1_354' title='bbox 570 2774 649 2810; x_wconf 74' lang='grc'><em>204.</em></span> <span class='ocrx_word' id='word_1_355' title='bbox 676 2794 714 2800; x_wconf 89' lang='lat'><em>--</em></span> <span class='ocrx_word' id='word_1_356' title='bbox 748 2774 794 2809; x_wconf 84' lang='grc' dir='ltr'><em>ἐν</em></span> <span class='ocrx_word' id='word_1_357' title='bbox 816 2776 954 2810; x_wconf 86' lang='grc' dir='ltr'><em>πίονι</em></span> 
     </span>
     <span class='ocr_line' id='line_1_58' title="bbox 144 2817 954 2865; baseline 0 -9"><span class='ocrx_word' id='word_1_358' title='bbox 144 2820 286 2865; x_wconf 83' lang='grc' dir='ltr'><em>δήμῳ.</em></span> <span class='ocrx_word' id='word_1_359' title='bbox 312 2817 358 2859; x_wconf 87' lang='grc' dir='ltr'><em>ε’,</em></span> <span class='ocrx_word' id='word_1_360' title='bbox 382 2820 462 2860; x_wconf 91' lang='grc'><em>710,</em></span> <span class='ocrx_word' id='word_1_361' title='bbox 487 2820 535 2861; x_wconf 86' lang='grc' dir='ltr'><em>π’,</em></span> <span class='ocrx_word' id='word_1_362' title='bbox 559 2818 647 2863; x_wconf 86' lang='grc'><em>437,</em></span> <span class='ocrx_word' id='word_1_363' title='bbox 674 2821 801 2865; x_wconf 77' lang='lat' dir='ltr'><strong>Odyss.</strong></span> <span class='ocrx_word' id='word_1_364' title='bbox 825 2820 869 2861; x_wconf 88' lang='grc' dir='ltr'><em>ν’,</em></span> <span class='ocrx_word' id='word_1_365' title='bbox 885 2823 954 2857; x_wconf 77' lang='lat'><strong>322</strong></span> 
     </span>
     <span class='ocr_line' id='line_1_59' title="bbox 143 2865 954 2911; baseline -0.001 -10"><span class='ocrx_word' id='word_1_366' title='bbox 143 2872 211 2902; x_wconf 82' lang='lat' dir='ltr'><strong>etc.</strong></span> <span class='ocrx_word' id='word_1_367' title='bbox 245 2865 454 2899; x_wconf 74' lang='lat' dir='ltr'>fertilissima</span> <span class='ocrx_word' id='word_1_368' title='bbox 478 2865 543 2899; x_wconf 80' lang='lat' dir='ltr'>suit</span> <span class='ocrx_word' id='word_1_369' title='bbox 574 2865 631 2899; x_wconf 79' lang='lat' dir='ltr'>illa</span> <span class='ocrx_word' id='word_1_370' title='bbox 666 2868 763 2911; x_wconf 84' lang='lat' dir='ltr'>regio</span> <span class='ocrx_word' id='word_1_371' title='bbox 797 2873 832 2901; x_wconf 88' lang='lat' dir='ltr'><em>et</em></span> <span class='ocrx_word' id='word_1_372' title='bbox 856 2868 954 2900; x_wconf 79' lang='lat' dir='ltr'>vine-</span> 
     </span>
     <span class='ocr_line' id='line_1_60' title="bbox 145 2912 952 2957; baseline 0.004 -12"><span class='ocrx_word' id='word_1_373' title='bbox 145 2913 189 2946; x_wconf 84' lang='lat' dir='ltr'>tis</span> <span class='ocrx_word' id='word_1_374' title='bbox 210 2912 365 2957; x_wconf 82' lang='lat' dir='ltr'>inprimis</span> <span class='ocrx_word' id='word_1_375' title='bbox 383 2912 486 2945; x_wconf 87' lang='lat' dir='ltr'>clara.</span> <span class='ocrx_word' id='word_1_376' title='bbox 512 2912 645 2946; x_wconf 80' lang='lat' dir='ltr'><strong>Seneca</strong></span> <span class='ocrx_word' id='word_1_377' title='bbox 663 2913 839 2947; x_wconf 86' lang='lat' dir='ltr'>Phoeniss.</span> <span class='ocrx_word' id='word_1_378' title='bbox 853 2915 952 2948; x_wconf 76' lang='grc'><strong>602..</strong></span> 
     </span>
     <span class='ocr_line' id='line_1_61' title="bbox 145 2957 951 3005; baseline 0.003 -14"><span class='ocrx_word' id='word_1_379' title='bbox 145 2960 222 2992; x_wconf 79' lang='lat' dir='ltr'>hinc</span> <span class='ocrx_word' id='word_1_380' title='bbox 249 2963 333 2992; x_wconf 76' lang='lat' dir='ltr'><em>nota</em></span> <span class='ocrx_word' id='word_1_381' title='bbox 359 2957 495 2990; x_wconf 84' lang='lat' dir='ltr'><em>Baccho</em></span> <span class='ocrx_word' id='word_1_382' title='bbox 522 2959 659 2993; x_wconf 83' lang='lat' dir='ltr'><em>Tmolus</em></span> <span class='ocrx_word' id='word_1_383' title='bbox 691 2960 821 2994; x_wconf 81' lang='lat' dir='ltr'><em>attollit</em></span> <span class='ocrx_word' id='word_1_384' title='bbox 845 2961 951 3005; x_wconf 83' lang='lat' dir='ltr'><strong>juga.</strong></span> 
     </span>
    </p>
   </div>
   <div class='ocr_carea' id='block_1_10' title="bbox 982 838 1789 964">
    <p class='ocr_par' dir='ltr' id='par_1_10' title="bbox 982 838 1789 964">
     <span class='ocr_line' id='line_1_62' title="bbox 982 838 1789 882; baseline -0.001 -10"><span class='ocrx_word' id='word_1_385' title='bbox 982 839 1026 872; x_wconf 84' lang='lat' dir='ltr'><strong>cf.</strong></span> <span class='ocrx_word' id='word_1_386' title='bbox 1053 838 1150 882; x_wconf 83' lang='lat' dir='ltr'>Virg.</span> <span class='ocrx_word' id='word_1_387' title='bbox 1175 839 1306 882; x_wconf 86' lang='lat' dir='ltr'><strong>Georg.</strong></span> <span class='ocrx_word' id='word_1_388' title='bbox 1341 840 1384 880; x_wconf 87' lang='lat'><strong>1,</strong></span> <span class='ocrx_word' id='word_1_389' title='bbox 1408 839 1465 874; x_wconf 87' lang='lat'><em>56.</em></span> <span class='ocrx_word' id='word_1_390' title='bbox 1496 843 1533 872; x_wconf 82' lang='lat' dir='ltr'><em>et</em></span> <span class='ocrx_word' id='word_1_391' title='bbox 1562 840 1608 879; x_wconf 79' lang='lat'><strong>2,</strong></span> <span class='ocrx_word' id='word_1_392' title='bbox 1632 839 1690 872; x_wconf 88' lang='grc'><strong>98.</strong></span> <span class='ocrx_word' id='word_1_393' title='bbox 1715 848 1789 871; x_wconf 86' lang='lat' dir='ltr'><em>cum</em></span> 
     </span>
     <span class='ocr_line' id='line_1_63' title="bbox 984 884 1787 964; baseline 0.001 -48"><span class='ocrx_word' id='word_1_394' title='bbox 984 885 1160 964; x_wconf 53' lang='grc' dir='ltr'><em>ἶὲἓείθίῐοοῑ</em></span> <span class='ocrx_word' id='word_1_395' title='bbox 1194 884 1329 928; x_wconf 83' lang='lat' dir='ltr'>Heynei</span> <span class='ocrx_word' id='word_1_396' title='bbox 1363 896 1461 926; x_wconf 89' lang='lat' dir='ltr'><em>ann.,</em></span> <span class='ocrx_word' id='word_1_397' title='bbox 1494 884 1618 918; x_wconf 80' lang='lat' dir='ltr'><strong>Cellar.</strong></span> <span class='ocrx_word' id='word_1_398' title='bbox 1652 885 1674 917; x_wconf 92' lang='lat' dir='ltr'><strong>l.</strong></span> <span class='ocrx_word' id='word_1_399' title='bbox 1699 896 1729 918; x_wconf 90' lang='lat' dir='ltr'><strong>c.</strong></span> <span class='ocrx_word' id='word_1_400' title='bbox 1754 897 1787 929; x_wconf 91' lang='lat' dir='ltr'><em>p.</em></span> 
     </span>
    </p>
   </div>
   <div class='ocr_carea' id='block_1_11' title="bbox 979 973 1825 1397">
    <p class='ocr_par' dir='ltr' id='par_1_11' title="bbox 979 973 1794 1296">
     <span class='ocr_line' id='line_1_64' title="bbox 1027 973 1790 1032; baseline -0.004 -21"><span class='ocrx_word' id='word_1_401' title='bbox 1027 978 1106 1011; x_wconf 83' lang='lat'><strong>387.</strong></span> <span class='ocrx_word' id='word_1_402' title='bbox 1146 973 1202 1016; x_wconf 87' lang='grc' dir='ltr'><em>π’,</em></span> <span class='ocrx_word' id='word_1_403' title='bbox 1236 976 1315 1011; x_wconf 72' lang='grc'><em>412.</em></span> <span class='ocrx_word' id='word_1_404' title='bbox 1360 977 1405 1009; x_wconf 88' lang='lat' dir='ltr'><strong>cf.</strong></span> <span class='ocrx_word' id='word_1_405' title='bbox 1441 975 1525 1010; x_wconf 86' lang='lat' dir='ltr'>ibid.</span> <span class='ocrx_word' id='word_1_406' title='bbox 1560 975 1637 1009; x_wconf 87' lang='lat'><strong>578.</strong></span> <span class='ocrx_word' id='word_1_407' title='bbox 1671 974 1790 1032; x_wconf 84' lang='lat' dir='ltr'>putide</span> 
     </span>
     <span class='ocr_line' id='line_1_65' title="bbox 981 1018 1790 1066; baseline 0.003 -12"><span class='ocrx_word' id='word_1_408' title='bbox 981 1033 1051 1054; x_wconf 87' lang='lat' dir='ltr'><em>rem</em></span> <span class='ocrx_word' id='word_1_409' title='bbox 1081 1028 1208 1065; x_wconf 80' lang='lat' dir='ltr'>augent</span> <span class='ocrx_word' id='word_1_410' title='bbox 1240 1021 1439 1066; x_wconf 84' lang='lat' dir='ltr'>Apollonius</span> <span class='ocrx_word' id='word_1_411' title='bbox 1456 1018 1790 1077; x_wconf 74' lang='grc' dir='ltr'><em>2,103.(ἥιασ’</em></span> 
     </span>
     <span class='ocr_line' id='line_1_66' title="bbox 981 1064 1790 1123; baseline 0 -22"><span class='ocrx_word' id='word_1_412' title='bbox 981 1066 1230 1123; x_wconf 72' lang='grc' dir='ltr'><em>ἐπεσσύμενον</em></span> <span class='ocrx_word' id='word_1_413' title='bbox 1254 1069 1414 1111; x_wconf 67' lang='grc' dir='ltr'><em>κεφαλῆς</em></span> <span class='ocrx_word' id='word_1_414' title='bbox 1447 1065 1560 1110; x_wconf 69' lang='grc' dir='ltr'><em>ὕπερ·</em></span> <span class='ocrx_word' id='word_1_415' title='bbox 1594 1064 1678 1111; x_wconf 76' lang='grc' dir='ltr'><em>ἡδ’</em></span> <span class='ocrx_word' id='word_1_416' title='bbox 1705 1067 1790 1102; x_wconf 70' lang='grc' dir='ltr'><em>ἑκα-</em></span> 
     </span>
     <span class='ocr_line' id='line_1_67' title="bbox 979 1111 1792 1157; baseline -0.001 -9"><span class='ocrx_word' id='word_1_417' title='bbox 979 1111 1130 1157; x_wconf 82' lang='grc' dir='ltr'><em>τερθεν’</em></span> <span class='ocrx_word' id='word_1_418' title='bbox 1131 1111 1248 1148; x_wconf 79' lang='grc' dir='ltr'><em>Ένθα</em></span> <span class='ocrx_word' id='word_1_419' title='bbox 1271 1114 1332 1148; x_wconf 83' lang='grc' dir='ltr'><em>καὶ</em></span> <span class='ocrx_word' id='word_1_420' title='bbox 1358 1111 1442 1148; x_wconf 75' lang='grc' dir='ltr'><em>ἕνθ’</em></span> <span class='ocrx_word' id='word_1_421' title='bbox 1468 1111 1625 1156; x_wconf 78' lang='grc' dir='ltr'><em>ω’μοισιν</em></span> <span class='ocrx_word' id='word_1_422' title='bbox 1647 1111 1699 1147; x_wconf 82' lang='grc' dir='ltr'><em>ἐπ’</em></span> <span class='ocrx_word' id='word_1_423' title='bbox 1725 1111 1792 1156; x_wconf 82' lang='grc' dir='ltr'><em>α’μ-</em></span> 
     </span>
     <span class='ocr_line' id='line_1_68' title="bbox 984 1158 1792 1204; baseline 0 -10"><span class='ocrx_word' id='word_1_424' title='bbox 984 1162 1155 1203; x_wconf 76' lang='grc' dir='ltr'><em>φοτέροις</em></span> <span class='ocrx_word' id='word_1_425' title='bbox 1174 1158 1365 1204; x_wconf 76' lang='grc' dir='ltr'><em>ἐκεασθη.)</em></span> <span class='ocrx_word' id='word_1_426' title='bbox 1384 1166 1419 1193; x_wconf 85' lang='lat' dir='ltr'><em>et</em></span> <span class='ocrx_word' id='word_1_427' title='bbox 1436 1159 1532 1202; x_wconf 77' lang='lat' dir='ltr'>Vir.g</span> <span class='ocrx_word' id='word_1_428' title='bbox 1551 1160 1634 1193; x_wconf 84' lang='lat' dir='ltr'><strong>Aen.</strong></span> <span class='ocrx_word' id='word_1_429' title='bbox 1658 1161 1692 1199; x_wconf 90' lang='lat'><em>9,</em></span> <span class='ocrx_word' id='word_1_430' title='bbox 1712 1160 1792 1194; x_wconf 91' lang='grc'><em>754.</em></span> 
     </span>
     <span class='ocr_line' id='line_1_69' title="bbox 981 1205 1793 1250; baseline 0.001 -12"><span class='ocrx_word' id='word_1_431' title='bbox 981 1211 1103 1250; x_wconf 67' lang='lat' dir='ltr'>(atquc</span> <span class='ocrx_word' id='word_1_432' title='bbox 1127 1207 1180 1238; x_wconf 77' lang='lat' dir='ltr'>illi</span> <span class='ocrx_word' id='word_1_433' title='bbox 1196 1207 1353 1248; x_wconf 72' lang='lat' dir='ltr'><em>partibus</em></span> <span class='ocrx_word' id='word_1_434' title='bbox 1377 1206 1496 1248; x_wconf 79' lang='lat' dir='ltr'>aequis</span> <span class='ocrx_word' id='word_1_435' title='bbox 1515 1205 1591 1237; x_wconf 83' lang='lat' dir='ltr'><em>Huc</em></span> <span class='ocrx_word' id='word_1_436' title='bbox 1610 1211 1714 1248; x_wconf 82' lang='lat' dir='ltr'>caput</span> <span class='ocrx_word' id='word_1_437' title='bbox 1738 1211 1793 1239; x_wconf 75' lang='lat' dir='ltr'><em>at-</em></span> 
     </span>
     <span class='ocr_line' id='line_1_70' title="bbox 982 1252 1794 1296; baseline 0.001 -12"><span class='ocrx_word' id='word_1_438' title='bbox 982 1264 1045 1296; x_wconf 77' lang='lat' dir='ltr'><em>que</em></span> <span class='ocrx_word' id='word_1_439' title='bbox 1071 1253 1149 1284; x_wconf 83' lang='lat' dir='ltr'>illuc</span> <span class='ocrx_word' id='word_1_440' title='bbox 1181 1252 1320 1284; x_wconf 77' lang='lat' dir='ltr'>humero</span> <span class='ocrx_word' id='word_1_441' title='bbox 1355 1262 1394 1284; x_wconf 73' lang='lat' dir='ltr'><em>ex</em></span> <span class='ocrx_word' id='word_1_442' title='bbox 1425 1255 1567 1294; x_wconf 77' lang='lat' dir='ltr'>utroque</span> <span class='ocrx_word' id='word_1_443' title='bbox 1597 1252 1794 1295; x_wconf 79' lang='lat' dir='ltr'>pependit)</span> 
     </span>
    </p>

    <p class='ocr_par' dir='ltr' id='par_1_12' title="bbox 985 1293 1793 1387">
     <span class='ocr_line' id='line_1_71' title="bbox 1028 1293 1791 1340; baseline -0.003 -7"><span class='ocrx_word' id='word_1_444' title='bbox 1028 1299 1117 1336; x_wconf 74' lang='lat'><strong>383,</strong></span> <span class='ocrx_word' id='word_1_445' title='bbox 1141 1299 1220 1331; x_wconf 83' lang='lat'><strong>389.</strong></span> <span class='ocrx_word' id='word_1_446' title='bbox 1266 1295 1510 1340; x_wconf 78' lang='grc' dir='ltr'><em>δούπησεν</em></span> <span class='ocrx_word' id='word_1_447' title='bbox 1545 1293 1593 1330; x_wconf 80' lang='grc' dir='ltr'><em>δὲ</em></span> <span class='ocrx_word' id='word_1_448' title='bbox 1627 1297 1791 1332; x_wconf 78' lang='grc' dir='ltr'><em>πεσών.</em></span> 
     </span>
     <span class='ocr_line' id='line_1_72' title="bbox 985 1341 1825 1397; baseline 0.001 -19"><span class='ocrx_word' id='word_1_449' title='bbox 985 1342 1038 1384; x_wconf 86' lang='grc' dir='ltr'><em>δ’,</em></span> <span class='ocrx_word' id='word_1_450' title='bbox 1062 1344 1150 1383; x_wconf 84' lang='grc'><em>504,</em></span> <span class='ocrx_word' id='word_1_451' title='bbox 1176 1341 1316 1385; x_wconf 65' lang='lat'>÷‚42‚</span> <span class='ocrx_word' id='word_1_452' title='bbox 1345 1343 1394 1383; x_wconf 88' lang='grc' dir='ltr'><em>λ,</em></span> <span class='ocrx_word' id='word_1_453' title='bbox 1420 1342 1506 1384; x_wconf 87' lang='grc'><em>449,</em></span> <span class='ocrx_word' id='word_1_454' title='bbox 1534 1343 1663 1386; x_wconf 68' lang='grc'><em>011)55.</em></span> <span class='ocrx_word' id='word_1_455' title='bbox 1667 1343 1730 1397; x_wconf 81' lang='grc' dir='ltr'><em>χ’,</em></span> <span class='ocrx_word' id='word_1_456' title='bbox 1745 1342 1825 1381; x_wconf 94' lang='grc'><em>94</em></span> 
     </span>
    </p>
   </div>
   <div class='ocr_carea' id='block_1_12' title="bbox 985 1387 1847 1476">
    <p class='ocr_par' dir='ltr' id='par_1_13' title="bbox 985 1387 1847 1471">
     <span class='ocr_line' id='line_1_73' title="bbox 985 1387 1847 1470; baseline 0.002 -47"><span class='ocrx_word' id='word_1_457' title='bbox 985 1397 1051 1424; x_wconf 88' lang='lat' dir='ltr'><strong>etc.</strong></span> <span class='ocrx_word' id='word_1_458' title='bbox 1067 1389 1336 1470; x_wconf 72' lang='grc' dir='ltr'><em>1-7-Οπάντων</em></span> <span class='ocrx_word' id='word_1_459' title='bbox 1361 1387 1387 1424; x_wconf 83' lang='grc' dir='ltr'><em>ε’.</em></span> <span class='ocrx_word' id='word_1_460' title='bbox 1414 1387 1616 1432; x_wconf 72' lang='grc' dir='ltr'><em>ἀνδρῶν.</em></span> <span class='ocrx_word' id='word_1_461' title='bbox 1641 1387 1689 1433; x_wconf 86' lang='grc' dir='ltr'><em>α’,</em></span> <span class='ocrx_word' id='word_1_462' title='bbox 1713 1391 1793 1435; x_wconf 84' lang='grc'><em>146,</em></span> <span class='ocrx_word' id='word_1_463' title='bbox 1833 1390 1847 1459; x_wconf 52' lang='grc' dir='ltr'><em>ξ’</em></span> 
     </span>
     <span class='ocr_line' id='line_1_74' title="bbox 986 1436 1037 1476; baseline 0 -5"><span class='ocrx_word' id='word_1_464' title='bbox 986 1436 1037 1476; x_wconf 91' lang='grc' dir='ltr'><em>σ’,</em></span> 
     </span>
    </p>
   </div>
   <div class='ocr_carea' id='block_1_13' title="bbox 986 1480 1845 3004">
    <p class='ocr_par' dir='ltr' id='par_1_14' title="bbox 986 1480 1837 1792">
     <span class='ocr_line' id='line_1_75' title="bbox 1030 1480 1794 1537; baseline -0.001 -21"><span class='ocrx_word' id='word_1_465' title='bbox 1030 1482 1148 1516; x_wconf 82' lang='lat'><strong>390-</strong></span> <span class='ocrx_word' id='word_1_466' title='bbox 1163 1481 1242 1516; x_wconf 73' lang='lat'><strong>392.</strong></span> <span class='ocrx_word' id='word_1_467' title='bbox 1293 1480 1394 1513; x_wconf 85' lang='lat' dir='ltr'><strong>Sch.</strong></span> <span class='ocrx_word' id='word_1_468' title='bbox 1429 1480 1567 1524; x_wconf 85' lang='grc' dir='ltr'><em>λίμνῃ</em></span> <span class='ocrx_word' id='word_1_469' title='bbox 1603 1481 1794 1537; x_wconf 85' lang='grc' dir='ltr'><em>Γυγαίῃ.</em></span> 
     </span>
     <span class='ocr_line' id='line_1_76' title="bbox 987 1523 1798 1581; baseline 0 -20"><span class='ocrx_word' id='word_1_470' title='bbox 987 1523 1105 1567; x_wconf 85' lang='grc' dir='ltr'><em>ούτως</em></span> <span class='ocrx_word' id='word_1_471' title='bbox 1136 1525 1174 1561; x_wconf 81' lang='grc' dir='ltr'><em>ἐν</em></span> <span class='ocrx_word' id='word_1_472' title='bbox 1200 1527 1322 1569; x_wconf 76' lang='grc' dir='ltr'><em>Λυδίᾳ</em></span> <span class='ocrx_word' id='word_1_473' title='bbox 1357 1527 1465 1581; x_wconf 85' lang='grc' dir='ltr'><em>λίμνῃ</em></span> <span class='ocrx_word' id='word_1_474' title='bbox 1488 1526 1694 1573; x_wconf 82' lang='grc' dir='ltr'><em>καλουμένῃ</em></span> <span class='ocrx_word' id='word_1_475' title='bbox 1723 1529 1798 1561; x_wconf 89' lang='grc' dir='ltr'><em>Γν-</em></span> 
     </span>
     <span class='ocr_line' id='line_1_77' title="bbox 986 1571 1797 1618; baseline 0 -10"><span class='ocrx_word' id='word_1_476' title='bbox 986 1574 1093 1618; x_wconf 82' lang='grc' dir='ltr'><em>γαίῃ,</em></span> <span class='ocrx_word' id='word_1_477' title='bbox 1117 1571 1198 1617; x_wconf 86' lang='grc' dir='ltr'><em>ἤτοι</em></span> <span class='ocrx_word' id='word_1_478' title='bbox 1225 1572 1298 1607; x_wconf 75' lang='grc' dir='ltr'><em>ἀπὸ</em></span> <span class='ocrx_word' id='word_1_479' title='bbox 1324 1571 1448 1616; x_wconf 79' lang='grc' dir='ltr'><em>Γύγου</em></span> <span class='ocrx_word' id='word_1_480' title='bbox 1477 1574 1546 1608; x_wconf 81' lang='grc' dir='ltr'><em>τοῦ</em></span> <span class='ocrx_word' id='word_1_481' title='bbox 1570 1572 1797 1608; x_wconf 85' lang='grc' dir='ltr'><em>Κανδαύλου</em></span> 
     </span>
     <span class='ocr_line' id='line_1_78' title="bbox 988 1616 1799 1676; baseline 0.002 -23"><span class='ocrx_word' id='word_1_482' title='bbox 988 1620 1073 1663; x_wconf 81' lang='lat' dir='ltr'>(imo</span> <span class='ocrx_word' id='word_1_483' title='bbox 1108 1621 1179 1664; x_wconf 83' lang='lat' dir='ltr'>ejus</span> <span class='ocrx_word' id='word_1_484' title='bbox 1211 1620 1455 1662; x_wconf 70' lang='lat' dir='ltr'>successoris),</span> <span class='ocrx_word' id='word_1_485' title='bbox 1491 1616 1534 1654; x_wconf 76' lang='grc' dir='ltr'><em>ὃν</em></span> <span class='ocrx_word' id='word_1_486' title='bbox 1545 1619 1719 1676; x_wconf 82' lang='grc' dir='ltr'><em>πρῶτόν</em></span> <span class='ocrx_word' id='word_1_487' title='bbox 1744 1619 1799 1664; x_wconf 65' lang='lat'><em>(²)</em></span> 
     </span>
     <span class='ocr_line' id='line_1_79' title="bbox 991 1662 1801 1721; baseline 0.002 -22"><span class='ocrx_word' id='word_1_488' title='bbox 991 1677 1081 1708; x_wconf 84' lang='grc' dir='ltr'><em>φασι</em></span> <span class='ocrx_word' id='word_1_489' title='bbox 1113 1667 1326 1721; x_wconf 69' lang='grc' dir='ltr'><em>βασιλεῦσαι</em></span> <span class='ocrx_word' id='word_1_490' title='bbox 1349 1666 1505 1707; x_wconf 80' lang='grc' dir='ltr'><em>Λυδῶν,</em></span> <span class='ocrx_word' id='word_1_491' title='bbox 1538 1662 1563 1710; x_wconf 83' lang='grc' dir='ltr'><em>ἢ</em></span> <span class='ocrx_word' id='word_1_492' title='bbox 1595 1665 1669 1701; x_wconf 87' lang='grc' dir='ltr'><em>ἀπό</em></span> <span class='ocrx_word' id='word_1_493' title='bbox 1700 1678 1801 1707; x_wconf 86' lang='grc' dir='ltr'><em>τινος</em></span> 
     </span>
     <span class='ocr_line' id='line_1_80' title="bbox 990 1708 1837 1792; baseline 0 -45"><span class='ocrx_word' id='word_1_494' title='bbox 990 1711 1165 1757; x_wconf 80' lang='grc' dir='ltr'><em>ἐγχωρίου</em></span> <span class='ocrx_word' id='word_1_495' title='bbox 1217 1708 1338 1756; x_wconf 79' lang='grc' dir='ltr'><em>ἥρωος</em></span> <span class='ocrx_word' id='word_1_496' title='bbox 1383 1710 1508 1756; x_wconf 83' lang='grc' dir='ltr'><em>Γύγου</em></span> <span class='ocrx_word' id='word_1_497' title='bbox 1553 1713 1799 1756; x_wconf 81' lang='grc' dir='ltr'><em>καλουμένου.</em></span> <span class='ocrx_word' id='word_1_498' title='bbox 1832 1710 1837 1792; x_wconf 70' lang='grc'><em>1</em></span> 
     </span>
    </p>

    <p class='ocr_par' dir='ltr' id='par_1_15' title="bbox 989 1757 1836 1987">
     <span class='ocr_line' id='line_1_81' title="bbox 989 1757 1801 1802; baseline 0.001 -11.052"><span class='ocrx_word' id='word_1_499' title='bbox 989 1760 1092 1802; x_wconf 82' lang='lat' dir='ltr'>„hoc</span> <span class='ocrx_word' id='word_1_500' title='bbox 1124 1758 1360 1798; x_wconf 77' lang='lat' dir='ltr'>verisimilius,</span> <span class='ocrx_word' id='word_1_501' title='bbox 1393 1769 1436 1791; x_wconf 87' lang='lat' dir='ltr'><em>ne</em></span> <span class='ocrx_word' id='word_1_502' title='bbox 1466 1757 1668 1802; x_wconf 83' lang='lat' dir='ltr'>scriptorem</span> <span class='ocrx_word' id='word_1_503' title='bbox 1703 1759 1801 1802; x_wconf 86' lang='lat' dir='ltr'>hujus</span> 
     </span>
     <span class='ocr_line' id='line_1_82' title="bbox 991 1803 1836 1848; baseline 0.001 -10"><span class='ocrx_word' id='word_1_504' title='bbox 991 1815 1112 1838; x_wconf 86' lang='lat' dir='ltr'>versus</span> <span class='ocrx_word' id='word_1_505' title='bbox 1143 1803 1234 1837; x_wconf 86' lang='lat' dir='ltr'>infra</span> <span class='ocrx_word' id='word_1_506' title='bbox 1263 1807 1317 1838; x_wconf 88' lang='grc'><em>15.</em></span> <span class='ocrx_word' id='word_1_507' title='bbox 1341 1804 1581 1848; x_wconf 79' lang='lat' dir='ltr'>Olympiadem</span> <span class='ocrx_word' id='word_1_508' title='bbox 1613 1806 1688 1838; x_wconf 85' lang='lat' dir='ltr'>sive</span> <span class='ocrx_word' id='word_1_509' title='bbox 1720 1806 1800 1839; x_wconf 74' lang='lat'><strong>720.</strong></span> <span class='ocrx_word' id='word_1_510' title='bbox 1833 1810 1836 1846; x_wconf 64' lang='grc'><em>1</em></span> 
     </span>
     <span class='ocr_line' id='line_1_83' title="bbox 992 1850 1836 1896; baseline -0.001 -12"><span class='ocrx_word' id='word_1_511' title='bbox 992 1856 1072 1884; x_wconf 84' lang='lat' dir='ltr'>ante</span> <span class='ocrx_word' id='word_1_512' title='bbox 1096 1850 1178 1883; x_wconf 85' lang='lat' dir='ltr'><strong>Chr.</strong></span> <span class='ocrx_word' id='word_1_513' title='bbox 1205 1856 1319 1883; x_wconf 82' lang='lat' dir='ltr'>natum</span> <span class='ocrx_word' id='word_1_514' title='bbox 1345 1850 1587 1891; x_wconf 85' lang='lat' dir='ltr'>detrudamus,</span> <span class='ocrx_word' id='word_1_515' title='bbox 1620 1862 1688 1896; x_wconf 92' lang='lat' dir='ltr'><em>quo</em></span> <span class='ocrx_word' id='word_1_516' title='bbox 1712 1857 1800 1884; x_wconf 82' lang='lat' dir='ltr'>tem·</span> <span class='ocrx_word' id='word_1_517' title='bbox 1833 1862 1836 1883; x_wconf 65' lang='grc' dir='ltr'><strong><em>τ</em></strong></span> 
     </span>
     <span class='ocr_line' id='line_1_84' title="bbox 991 1897 1836 1941; baseline -0.004 -11"><span class='ocrx_word' id='word_1_518' title='bbox 991 1907 1075 1941; x_wconf 88' lang='lat' dir='ltr'>pore</span> <span class='ocrx_word' id='word_1_519' title='bbox 1105 1907 1267 1940; x_wconf 81' lang='lat' dir='ltr'>regnasse</span> <span class='ocrx_word' id='word_1_520' title='bbox 1300 1897 1428 1929; x_wconf 88' lang='lat' dir='ltr'>dicitur</span> <span class='ocrx_word' id='word_1_521' title='bbox 1462 1897 1594 1941; x_wconf 85' lang='lat' dir='ltr'><strong>Gyges.</strong></span> <span class='ocrx_word' id='word_1_522' title='bbox 1605 1900 1632 1916; x_wconf 88' lang='lat'>“</span> <span class='ocrx_word' id='word_1_523' title='bbox 1673 1897 1725 1930; x_wconf 73' lang='lat' dir='ltr'><em>Ex</em></span> <span class='ocrx_word' id='word_1_524' title='bbox 1752 1897 1799 1930; x_wconf 88' lang='grc' dir='ltr'><strong>Η.</strong></span> <span class='ocrx_word' id='word_1_525' title='bbox 1833 1908 1836 1927; x_wconf 70' lang='grc' dir='ltr'><em>ι</em></span> 
     </span>
     <span class='ocr_line' id='line_1_85' title="bbox 991 1940 1725 1987; baseline 0.001 -11"><span class='ocrx_word' id='word_1_526' title='bbox 991 1943 1033 1976; x_wconf 90' lang='lat' dir='ltr'><em>cf</em></span> <span class='ocrx_word' id='word_1_527' title='bbox 1061 1940 1114 1987; x_wconf 77' lang='grc' dir='ltr'><em>β’,</em></span> <span class='ocrx_word' id='word_1_528' title='bbox 1139 1944 1219 1977; x_wconf 74' lang='grc'><strong>865.</strong></span> <span class='ocrx_word' id='word_1_529' title='bbox 1240 1961 1281 1966; x_wconf 94' lang='lat'><em>—-</em></span> <span class='ocrx_word' id='word_1_530' title='bbox 1324 1941 1530 1982; x_wconf 81' lang='grc' dir='ltr'><em>τέμενος.</em></span> <span class='ocrx_word' id='word_1_531' title='bbox 1566 1943 1618 1984; x_wconf 79' lang='grc' dir='ltr'><em>ζ’,</em></span> <span class='ocrx_word' id='word_1_532' title='bbox 1641 1943 1725 1983; x_wconf 88' lang='grc'><em>194,</em></span> 
     </span>
    </p>

    <p class='ocr_par' dir='ltr' id='par_1_16' title="bbox 990 1986 1844 2403">
     <span class='ocr_line' id='line_1_86' title="bbox 990 1986 1836 2032; baseline 0 -8"><span class='ocrx_word' id='word_1_533' title='bbox 990 1990 1059 2024; x_wconf 83' lang='grc'><em>313</em></span> <span class='ocrx_word' id='word_1_534' title='bbox 1078 1995 1144 2022; x_wconf 88' lang='lat' dir='ltr'><strong>etc.</strong></span> <span class='ocrx_word' id='word_1_535' title='bbox 1176 1988 1303 2021; x_wconf 81' lang='lat' dir='ltr'><em>sehon.</em></span> <span class='ocrx_word' id='word_1_536' title='bbox 1327 1988 1464 2022; x_wconf 84' lang='lat' dir='ltr'><strong>Townl.</strong></span> <span class='ocrx_word' id='word_1_537' title='bbox 1486 1993 1522 2021; x_wconf 81' lang='lat' dir='ltr'><em>et</em></span> <span class='ocrx_word' id='word_1_538' title='bbox 1543 1989 1696 2022; x_wconf 85' lang='lat' dir='ltr'>Victor.=</span> <span class='ocrx_word' id='word_1_539' title='bbox 1720 1987 1804 2024; x_wconf 75' lang='grc' dir='ltr'>ὅθι</span> <span class='ocrx_word' id='word_1_540' title='bbox 1832 1986 1836 2032; x_wconf 73' lang='grc' dir='ltr'>Ι</span> 
     </span>
     <span class='ocr_line' id='line_1_87' title="bbox 991 2032 1835 2090; baseline 0.001 -22"><span class='ocrx_word' id='word_1_541' title='bbox 991 2054 1029 2059; x_wconf 87' lang='grc'>-</span> <span class='ocrx_word' id='word_1_542' title='bbox 1059 2033 1318 2079; x_wconf 81' lang='grc' dir='ltr'><em>πατρώιον.</em></span> <span class='ocrx_word' id='word_1_543' title='bbox 1342 2033 1447 2090; x_wconf 77' lang='grc' dir='ltr'><em>κώμη</em></span> <span class='ocrx_word' id='word_1_544' title='bbox 1469 2032 1694 2075; x_wconf 82' lang='grc' dir='ltr'><em>ε’στὶΛυδίας</em></span> <span class='ocrx_word' id='word_1_545' title='bbox 1714 2033 1802 2069; x_wconf 81' lang='grc' dir='ltr'><em>ἅλα·</em></span> <span class='ocrx_word' id='word_1_546' title='bbox 1832 2040 1835 2079; x_wconf 86' lang='grc' dir='ltr'>Ι</span> 
     </span>
     <span class='ocr_line' id='line_1_88' title="bbox 991 2077 1835 2125; baseline 0 -10"><span class='ocrx_word' id='word_1_547' title='bbox 991 2082 1059 2122; x_wconf 88' lang='grc' dir='ltr'><em>δα,</em></span> <span class='ocrx_word' id='word_1_548' title='bbox 1095 2080 1189 2116; x_wconf 79' lang='grc' dir='ltr'><em>ἔνθα</em></span> <span class='ocrx_word' id='word_1_549' title='bbox 1222 2080 1334 2125; x_wconf 85' lang='grc' dir='ltr'><em>φησὶν</em></span> <span class='ocrx_word' id='word_1_550' title='bbox 1358 2077 1558 2122; x_wconf 79' lang='grc' dir='ltr'><em>Ἡρόδοτος</em></span> <span class='ocrx_word' id='word_1_551' title='bbox 1591 2080 1700 2123; x_wconf 87' lang='grc'><em>(1111111</em></span> <span class='ocrx_word' id='word_1_552' title='bbox 1731 2081 1802 2115; x_wconf 82' lang='lat' dir='ltr'>tale</span> <span class='ocrx_word' id='word_1_553' title='bbox 1833 2093 1835 2119; x_wconf 86' lang='grc' dir='ltr'>ι</span> 
     </span>
     <span class='ocr_line' id='line_1_89' title="bbox 991 2106 1836 2182; baseline 0.001 -22"><span class='ocrx_word' id='word_1_554' title='bbox 991 2106 1125 2160; x_wconf 67' lang='lat' dir='ltr'>Heiod-</span> <span class='ocrx_word' id='word_1_555' title='bbox 1167 2130 1207 2168; x_wconf 90' lang='lat'><strong>1,</strong></span> <span class='ocrx_word' id='word_1_556' title='bbox 1243 2130 1299 2162; x_wconf 89' lang='grc'><em>80.</em></span> <span class='ocrx_word' id='word_1_557' title='bbox 1344 2138 1452 2171; x_wconf 77' lang='lat' dir='ltr'>quare</span> <span class='ocrx_word' id='word_1_558' title='bbox 1484 2127 1677 2182; x_wconf 83' lang='lat' dir='ltr'>ponendum</span> <span class='ocrx_word' id='word_1_559' title='bbox 1715 2133 1801 2182; x_wconf 88' lang='lat' dir='ltr'>puto</span> <span class='ocrx_word' id='word_1_560' title='bbox 1832 2133 1836 2173; x_wconf 68' lang='lat' dir='ltr'><em>j·</em></span> 
     </span>
     <span class='ocr_line' id='line_1_90' title="bbox 988 2170 1844 2218; baseline -0.001 -10.991"><span class='ocrx_word' id='word_1_561' title='bbox 988 2170 1225 2215; x_wconf 79' lang='grc' dir='ltr'><em>Ηρόδωρος,</em></span> <span class='ocrx_word' id='word_1_562' title='bbox 1261 2173 1358 2216; x_wconf 83' lang='lat' dir='ltr'>cujus</span> <span class='ocrx_word' id='word_1_563' title='bbox 1382 2180 1611 2206; x_wconf 82' lang='lat' dir='ltr'>memorantur</span> <span class='ocrx_word' id='word_1_564' title='bbox 1635 2170 1835 2218; x_wconf 82' lang='grc' dir='ltr'><em>ὑπομνή-</em></span> <span class='ocrx_word' id='word_1_565' title='bbox 1833 2183 1844 2201; x_wconf 84' lang='grc'><em>’·</em></span> 
     </span>
     <span class='ocr_line' id='line_1_91' title="bbox 993 2217 1835 2263; baseline -0.001 -11"><span class='ocrx_word' id='word_1_566' title='bbox 993 2233 1092 2263; x_wconf 89' lang='grc' dir='ltr'><em>ματα</em></span> <span class='ocrx_word' id='word_1_567' title='bbox 1128 2221 1180 2260; x_wconf 79' lang='grc' dir='ltr'><em>εἰς</em></span> <span class='ocrx_word' id='word_1_568' title='bbox 1211 2217 1256 2252; x_wconf 80' lang='grc' dir='ltr'><em>τοὶ</em></span> <span class='ocrx_word' id='word_1_569' title='bbox 1287 2220 1356 2254; x_wconf 81' lang='grc' dir='ltr'><em>τοῦ</em></span> <span class='ocrx_word' id='word_1_570' title='bbox 1376 2217 1561 2263; x_wconf 80' lang='grc' dir='ltr'><em>Ομήρου.</em></span> <span class='ocrx_word' id='word_1_571' title='bbox 1601 2231 1636 2253; x_wconf 87' lang='lat' dir='ltr'><strong>v.</strong></span> <span class='ocrx_word' id='word_1_572' title='bbox 1663 2219 1696 2252; x_wconf 90' lang='lat' dir='ltr'>H</span> <span class='ocrx_word' id='word_1_573' title='bbox 1721 2230 1800 2255; x_wconf 84' lang='lat' dir='ltr'><em>ann.</em></span> <span class='ocrx_word' id='word_1_574' title='bbox 1832 2231 1835 2251; x_wconf 73' lang='grc' dir='ltr'>ι</span> 
     </span>
     <span class='ocr_line' id='line_1_92' title="bbox 996 2262 1835 2315; baseline 0 -16"><span class='ocrx_word' id='word_1_575' title='bbox 996 2265 1040 2299; x_wconf 84' lang='lat' dir='ltr'><em>ad</em></span> <span class='ocrx_word' id='word_1_576' title='bbox 1065 2265 1110 2307; x_wconf 85' lang='grc' dir='ltr'><em>α’,</em></span> <span class='ocrx_word' id='word_1_577' title='bbox 1129 2267 1204 2309; x_wconf 78' lang='lat'><strong>20.)</strong></span> <span class='ocrx_word' id='word_1_578' title='bbox 1232 2264 1360 2311; x_wconf 82' lang='grc' dir='ltr'><em>βωμὸν</em></span> <span class='ocrx_word' id='word_1_579' title='bbox 1372 2263 1586 2308; x_wconf 86' lang='grc' dir='ltr'><em>Ἰφιτίωνος,</em></span> <span class='ocrx_word' id='word_1_580' title='bbox 1610 2264 1671 2299; x_wconf 84' lang='grc' dir='ltr'><em>καὶ</em></span> <span class='ocrx_word' id='word_1_581' title='bbox 1689 2262 1835 2321; x_wconf 53' lang='grc' dir='ltr'><em>ἄγι1ιλ-Ι1</em></span> 
     </span>
     <span class='ocr_line' id='line_1_93' title="bbox 995 2310 1843 2356; baseline 0 -10"><span class='ocrx_word' id='word_1_582' title='bbox 995 2324 1047 2355; x_wconf 88' lang='grc' dir='ltr'><em>μοι</em></span> <span class='ocrx_word' id='word_1_583' title='bbox 1079 2312 1226 2346; x_wconf 83' lang='grc' dir='ltr'><em>λίθινον</em></span> <span class='ocrx_word' id='word_1_584' title='bbox 1261 2311 1475 2347; x_wconf 81' lang='grc' dir='ltr'><em>κολοσσικόν</em></span> <span class='ocrx_word' id='word_1_585' title='bbox 1509 2310 1804 2356; x_wconf 78' lang='grc' dir='ltr'><em>ἡκρωτηριασμέ-</em></span> <span class='ocrx_word' id='word_1_586' title='bbox 1841 2335 1843 2337; x_wconf 97' lang='grc'>-</span> 
     </span>
     <span class='ocr_line' id='line_1_94' title="bbox 995 2355 1804 2416; baseline -0.001 -23"><span class='ocrx_word' id='word_1_587' title='bbox 995 2371 1063 2393; x_wconf 90' lang='grc' dir='ltr'><em>νον</em></span> <span class='ocrx_word' id='word_1_588' title='bbox 1087 2359 1234 2401; x_wconf 84' lang='lat' dir='ltr'>(hermis</span> <span class='ocrx_word' id='word_1_589' title='bbox 1253 2357 1399 2401; x_wconf 83' lang='lat' dir='ltr'>simile),</span> <span class='ocrx_word' id='word_1_590' title='bbox 1434 2355 1576 2416; x_wconf 79' lang='grc' dir='ltr'><em>ἀρχαίῳ</em></span> <span class='ocrx_word' id='word_1_591' title='bbox 1601 2357 1704 2415; x_wconf 79' lang='grc' dir='ltr'><em>τύπῳ</em></span> <span class='ocrx_word' id='word_1_592' title='bbox 1729 2358 1804 2400; x_wconf 86' lang='grc' dir='ltr'><em>εἰρ-</em></span> 
     </span>
    </p>

    <p class='ocr_par' dir='ltr' id='par_1_17' title="bbox 995 2403 1844 2817">
     <span class='ocr_line' id='line_1_95' title="bbox 995 2403 1842 2460; baseline -0.001 -22"><span class='ocrx_word' id='word_1_593' title='bbox 995 2404 1196 2460; x_wconf 81' lang='grc' dir='ltr'><em>γασμένον,</em></span> <span class='ocrx_word' id='word_1_594' title='bbox 1241 2405 1300 2438; x_wconf 84' lang='grc' dir='ltr'><em>καὶ</em></span> <span class='ocrx_word' id='word_1_595' title='bbox 1337 2403 1425 2444; x_wconf 82' lang='grc' dir='ltr'><em>τούς</em></span> <span class='ocrx_word' id='word_1_596' title='bbox 1459 2404 1544 2448; x_wconf 80' lang='grc' dir='ltr'><em>περὶ</em></span> <span class='ocrx_word' id='word_1_597' title='bbox 1572 2403 1640 2449; x_wconf 84' lang='grc' dir='ltr'><em>τήν</em></span> <span class='ocrx_word' id='word_1_598' title='bbox 1675 2405 1804 2449; x_wconf 87' lang='grc' dir='ltr'><em>λίμνην</em></span> <span class='ocrx_word' id='word_1_599' title='bbox 1832 2415 1842 2442; x_wconf 69' lang='lat' dir='ltr'><em>r·</em></span> 
     </span>
     <span class='ocr_line' id='line_1_96' title="bbox 995 2444 1835 2494; baseline -0.002 -8"><span class='ocrx_word' id='word_1_600' title='bbox 995 2450 1186 2494; x_wconf 78' lang='grc' dir='ltr'><em>καλάμους</em></span> <span class='ocrx_word' id='word_1_601' title='bbox 1224 2451 1490 2486; x_wconf 78' lang='grc' dir='ltr'><em>συνδονεῖσθαι</em></span> <span class='ocrx_word' id='word_1_602' title='bbox 1529 2451 1766 2489; x_wconf 80' lang='grc' dir='ltr'><em>*εἰλειδίοις.</em></span> <span class='ocrx_word' id='word_1_603' title='bbox 1788 2444 1835 2488; x_wconf 80' lang='grc'><em>*1</em></span> 
     </span>
     <span class='ocr_line' id='line_1_97' title="bbox 996 2497 1844 2531; baseline -0.002 -1"><span class='ocrx_word' id='word_1_604' title='bbox 996 2498 1061 2531; x_wconf 89' lang='lat' dir='ltr'><em>hoc</em></span> <span class='ocrx_word' id='word_1_605' title='bbox 1080 2497 1145 2531; x_wconf 80' lang='lat' dir='ltr'>fuit</span> <span class='ocrx_word' id='word_1_606' title='bbox 1164 2509 1238 2530; x_wconf 91' lang='lat' dir='ltr'><em>cum</em></span> <span class='ocrx_word' id='word_1_607' title='bbox 1257 2497 1308 2530; x_wconf 86' lang='lat' dir='ltr'>ita</span> <span class='ocrx_word' id='word_1_608' title='bbox 1328 2497 1543 2531; x_wconf 84' lang='lat' dir='ltr'>scribendum</span> <span class='ocrx_word' id='word_1_609' title='bbox 1570 2507 1646 2530; x_wconf 84' lang='lat' dir='ltr'>esse</span> <span class='ocrx_word' id='word_1_610' title='bbox 1666 2497 1804 2530; x_wconf 83' lang='lat' dir='ltr'>videre·</span> <span class='ocrx_word' id='word_1_611' title='bbox 1832 2503 1844 2527; x_wconf 71' lang='grc' dir='ltr'><em>ι’</em></span> 
     </span>
     <span class='ocr_line' id='line_1_98' title="bbox 998 2543 1844 2584; baseline -0.004 -7"><span class='ocrx_word' id='word_1_612' title='bbox 998 2549 1075 2577; x_wconf 84' lang='lat' dir='ltr'>tur:</span> <span class='ocrx_word' id='word_1_613' title='bbox 1102 2544 1142 2578; x_wconf 85' lang='grc' dir='ltr'><em>εὐ</em></span> <span class='ocrx_word' id='word_1_614' title='bbox 1163 2545 1320 2584; x_wconf 84' lang='grc' dir='ltr'><em>Λυδοῖς,</em></span> <span class='ocrx_word' id='word_1_615' title='bbox 1348 2549 1389 2576; x_wconf 85' lang='lat' dir='ltr'><em>ut</em></span> <span class='ocrx_word' id='word_1_616' title='bbox 1407 2543 1495 2577; x_wconf 82' lang='lat' dir='ltr'>istae</span> <span class='ocrx_word' id='word_1_617' title='bbox 1514 2543 1698 2576; x_wconf 85' lang='lat' dir='ltr'>arundines</span> <span class='ocrx_word' id='word_1_618' title='bbox 1725 2553 1805 2576; x_wconf 82' lang='lat' dir='ltr'>sua·</span> <span class='ocrx_word' id='word_1_619' title='bbox 1831 2543 1844 2584; x_wconf 62' lang='grc' dir='ltr'><em>’μ</em></span> 
     </span>
     <span class='ocr_line' id='line_1_99' title="bbox 998 2588 1843 2634; baseline 0 -12"><span class='ocrx_word' id='word_1_620' title='bbox 998 2590 1088 2624; x_wconf 81' lang='lat' dir='ltr'>viter</span> <span class='ocrx_word' id='word_1_621' title='bbox 1109 2589 1235 2624; x_wconf 88' lang='lat' dir='ltr'>moveri</span> <span class='ocrx_word' id='word_1_622' title='bbox 1254 2595 1358 2634; x_wconf 86' lang='lat' dir='ltr'>atque</span> <span class='ocrx_word' id='word_1_623' title='bbox 1378 2589 1503 2633; x_wconf 79' lang='lat' dir='ltr'>agitari</span> <span class='ocrx_word' id='word_1_624' title='bbox 1524 2588 1719 2622; x_wconf 81' lang='lat' dir='ltr'>dicerentur</span> <span class='ocrx_word' id='word_1_625' title='bbox 1739 2599 1806 2622; x_wconf 84' lang='lat' dir='ltr'><em>una</em></span> <span class='ocrx_word' id='word_1_626' title='bbox 1831 2593 1843 2624; x_wconf 70' lang='lat' dir='ltr'><em>&#39;ff</em></span> 
     </span>
     <span class='ocr_line' id='line_1_100' title="bbox 998 2631 1842 2680; baseline -0.002 -11"><span class='ocrx_word' id='word_1_627' title='bbox 998 2647 1071 2670; x_wconf 90' lang='lat' dir='ltr'><em>cum</em></span> <span class='ocrx_word' id='word_1_628' title='bbox 1106 2637 1152 2680; x_wconf 71' lang='lat' dir='ltr'><em>L)</em></span> <span class='ocrx_word' id='word_1_629' title='bbox 1152 2636 1212 2669; x_wconf 88' lang='lat' dir='ltr'>·dis</span> <span class='ocrx_word' id='word_1_630' title='bbox 1253 2636 1457 2668; x_wconf 79' lang='lat' dir='ltr'>saltantibus</span> <span class='ocrx_word' id='word_1_631' title='bbox 1493 2635 1528 2668; x_wconf 88' lang='lat' dir='ltr'>in</span> <span class='ocrx_word' id='word_1_632' title='bbox 1567 2635 1655 2668; x_wconf 80' lang='lat' dir='ltr'>festo</span> <span class='ocrx_word' id='word_1_633' title='bbox 1690 2631 1842 2673; x_wconf 69' lang='lat' dir='ltr'>heroisj</span> 
     </span>
     <span class='ocr_line' id='line_1_101' title="bbox 997 2680 1844 2727; baseline -0.004 -12"><span class='ocrx_word' id='word_1_634' title='bbox 997 2681 1190 2727; x_wconf 85' lang='lat' dir='ltr'>Iphitionis.</span> <span class='ocrx_word' id='word_1_635' title='bbox 1235 2681 1278 2714; x_wconf 82' lang='lat' dir='ltr'><em>de</em></span> <span class='ocrx_word' id='word_1_636' title='bbox 1311 2681 1438 2714; x_wconf 85' lang='lat' dir='ltr'>Hermo</span> <span class='ocrx_word' id='word_1_637' title='bbox 1477 2686 1512 2714; x_wconf 80' lang='lat' dir='ltr'><em>et</em></span> <span class='ocrx_word' id='word_1_638' title='bbox 1546 2681 1649 2724; x_wconf 75' lang='lat' dir='ltr'><em>Hyllo</em></span> <span class='ocrx_word' id='word_1_639' title='bbox 1687 2680 1844 2714; x_wconf 67' lang='lat' dir='ltr'>fluviist</span> 
     </span>
     <span class='ocr_line' id='line_1_102' title="bbox 997 2726 1833 2784; baseline 0 -22"><span class='ocrx_word' id='word_1_640' title='bbox 997 2729 1214 2784; x_wconf 78' lang='lat' dir='ltr'>geographus</span> <span class='ocrx_word' id='word_1_641' title='bbox 1245 2729 1308 2769; x_wconf 90' lang='lat'><em>13,</em></span> <span class='ocrx_word' id='word_1_642' title='bbox 1329 2727 1388 2768; x_wconf 93' lang='grc'><em>4.,</em></span> <span class='ocrx_word' id='word_1_643' title='bbox 1414 2738 1447 2771; x_wconf 89' lang='lat' dir='ltr'><em>p.</em></span> <span class='ocrx_word' id='word_1_644' title='bbox 1477 2728 1574 2761; x_wconf 85' lang='lat'><strong>151.=</strong></span> <span class='ocrx_word' id='word_1_645' title='bbox 1603 2726 1804 2771; x_wconf 78' lang='grc' dir='ltr'><em>καταφέρε-</em></span> <span class='ocrx_word' id='word_1_646' title='bbox 1831 2741 1833 2757; x_wconf 72' lang='lat'><strong>⁴</strong></span> 
     </span>
     <span class='ocr_line' id='line_1_103' title="bbox 1000 2768 1843 2817; baseline 0 -9"><span class='ocrx_word' id='word_1_647' title='bbox 1000 2788 1061 2808; x_wconf 89' lang='grc' dir='ltr'><em>ται</em></span> <span class='ocrx_word' id='word_1_648' title='bbox 1085 2772 1123 2809; x_wconf 89' lang='grc' dir='ltr'><em>δ’</em></span> <span class='ocrx_word' id='word_1_649' title='bbox 1151 2772 1170 2810; x_wconf 92' lang='lat'><em>6</em></span> <span class='ocrx_word' id='word_1_650' title='bbox 1196 2773 1392 2813; x_wconf 76' lang='grc' dir='ltr'><em>Πακτωλός</em></span> <span class='ocrx_word' id='word_1_651' title='bbox 1415 2774 1467 2814; x_wconf 86' lang='grc' dir='ltr'><em>εἰς</em></span> <span class='ocrx_word' id='word_1_652' title='bbox 1491 2771 1556 2808; x_wconf 84' lang='grc' dir='ltr'><em>τὸν</em></span> <span class='ocrx_word' id='word_1_653' title='bbox 1569 2769 1730 2817; x_wconf 77' lang='grc' dir='ltr'><em>Ερμον,</em></span> <span class='ocrx_word' id='word_1_654' title='bbox 1754 2768 1843 2812; x_wconf 55' lang='lat' dir='ltr'><em>slei?</em></span> 
     </span>
    </p>

    <p class='ocr_par' dir='ltr' id='par_1_18' title="bbox 998 2817 1845 3004">
     <span class='ocr_line' id='line_1_104' title="bbox 1000 2817 1842 2876; baseline -0.001 -20"><span class='ocrx_word' id='word_1_655' title='bbox 1000 2817 1045 2856; x_wconf 78' lang='grc' dir='ltr'><em>ὃν</em></span> <span class='ocrx_word' id='word_1_656' title='bbox 1068 2821 1128 2854; x_wconf 79' lang='grc' dir='ltr'><em>καὶ</em></span> <span class='ocrx_word' id='word_1_657' title='bbox 1153 2817 1173 2856; x_wconf 87' lang='lat'><em>6</em></span> <span class='ocrx_word' id='word_1_658' title='bbox 1183 2818 1313 2860; x_wconf 76' lang='grc' dir='ltr'><em>’Ὑλλος</em></span> <span class='ocrx_word' id='word_1_659' title='bbox 1338 2818 1514 2864; x_wconf 77' lang='grc' dir='ltr'><em>ἐμβάλλει,</em></span> <span class='ocrx_word' id='word_1_660' title='bbox 1544 2819 1703 2876; x_wconf 79' lang='grc' dir='ltr'><em>Φρύγιος</em></span> <span class='ocrx_word' id='word_1_661' title='bbox 1724 2817 1808 2854; x_wconf 77' lang='grc' dir='ltr'><em>νυνὶ</em></span> <span class='ocrx_word' id='word_1_662' title='bbox 1830 2832 1842 2856; x_wconf 66' lang='grc' dir='ltr'>ι</span> 
     </span>
     <span class='ocr_line' id='line_1_105' title="bbox 999 2860 1844 2911; baseline -0.002 -9"><span class='ocrx_word' id='word_1_663' title='bbox 999 2865 1245 2909; x_wconf 81' lang='grc' dir='ltr'><em>καλούμενος·</em></span> <span class='ocrx_word' id='word_1_664' title='bbox 1290 2866 1533 2908; x_wconf 72' lang='grc' dir='ltr'><em>συμπεσόντες</em></span> <span class='ocrx_word' id='word_1_665' title='bbox 1565 2864 1603 2902; x_wconf 88' lang='grc' dir='ltr'><em>δ’</em></span> <span class='ocrx_word' id='word_1_666' title='bbox 1640 2866 1676 2901; x_wconf 75' lang='grc' dir='ltr'><em>οἱ</em></span> <span class='ocrx_word' id='word_1_667' title='bbox 1713 2860 1844 2911; x_wconf 66' lang='grc' dir='ltr'><em>τρεῒςΙ,</em></span> 
     </span>
     <span class='ocr_line' id='line_1_106' title="bbox 998 2910 1844 2969; baseline 0 -22"><span class='ocrx_word' id='word_1_668' title='bbox 998 2914 1060 2948; x_wconf 75' lang='grc' dir='ltr'><em>καὶ</em></span> <span class='ocrx_word' id='word_1_669' title='bbox 1095 2913 1198 2948; x_wconf 79' lang='grc' dir='ltr'><em>ἄλλοι</em></span> <span class='ocrx_word' id='word_1_670' title='bbox 1241 2910 1463 2969; x_wconf 79' lang='grc' dir='ltr'><em>ἄσημότεροι</em></span> <span class='ocrx_word' id='word_1_671' title='bbox 1495 2911 1563 2947; x_wconf 79' lang='grc' dir='ltr'><em>σύν</em></span> <span class='ocrx_word' id='word_1_672' title='bbox 1596 2910 1726 2955; x_wconf 78' lang='grc' dir='ltr'><em>αὐτοῖς</em></span> <span class='ocrx_word' id='word_1_673' title='bbox 1758 2913 1833 2955; x_wconf 84' lang='grc' dir='ltr'><em>εἰς</em></span> <span class='ocrx_word' id='word_1_674' title='bbox 1830 2911 1844 2946; x_wconf 79' lang='grc' dir='ltr'><em>Ι“</em></span> 
     </span>
     <span class='ocr_line' id='line_1_107' title="bbox 998 2953 1845 3004; baseline -0.002 -10"><span class='ocrx_word' id='word_1_675' title='bbox 998 2959 1065 3004; x_wconf 76' lang='grc' dir='ltr'><em>τήν</em></span> <span class='ocrx_word' id='word_1_676' title='bbox 1092 2960 1264 2995; x_wconf 85' lang='grc' dir='ltr'><em>Φωκαίαν</em></span> <span class='ocrx_word' id='word_1_677' title='bbox 1299 2958 1490 2994; x_wconf 79' lang='grc' dir='ltr'><em>ἐκδιδόασι</em></span> <span class='ocrx_word' id='word_1_678' title='bbox 1513 2956 1726 3002; x_wconf 77' lang='grc' dir='ltr'><em>θάλατταν,</em></span> <span class='ocrx_word' id='word_1_679' title='bbox 1759 2972 1811 3000; x_wconf 78' lang='grc' dir='ltr'><em>ως</em></span> <span class='ocrx_word' id='word_1_680' title='bbox 1829 2953 1845 2994; x_wconf 62' lang='lat' dir='ltr'><em>{k</em></span> 
     </span>
    </p>
   </div>
   <div class='ocr_carea' id='block_1_14' title="bbox 1830 3011 1833 3045">
    <p class='ocr_par' dir='ltr' id='par_1_19' title="bbox 1830 3011 1833 3045">
     <span class='ocr_line' id='line_1_108' title="bbox 1830 3011 1833 3045; baseline 0 0"><span class='ocrx_word' id='word_1_681' title='bbox 1830 3011 1833 3045; x_wconf 66' lang='lat' dir='ltr'>i</span> 
     </span>
    </p>
   </div>
   <div class='ocr_carea' id='block_1_15' title="bbox 1830 3130 1843 3157">
    <p class='ocr_par' dir='ltr' id='par_1_20' title="bbox 1830 3130 1843 3157">
     <span class='ocr_line' id='line_1_109' title="bbox 1830 3130 1843 3157; baseline -0.077 0"><span class='ocrx_word' id='word_1_682' title='bbox 1830 3130 1843 3157; x_wconf 70' lang='grc'><em>,1</em></span> 
     </span>
    </p>
   </div>
   <div class='ocr_carea' id='block_1_16' title="bbox 1828 3160 1847 3277">
    <p class='ocr_par' dir='ltr' id='par_1_21' title="bbox 1828 3160 1847 3277">
     <span class='ocr_line' id='line_1_110' title="bbox 1828 3160 1847 3277; baseline 0 -84"><span class='ocrx_word' id='word_1_683' title='bbox 1828 3160 1847 3277; x_wconf 45' lang='lat'><strong>3</strong></span> 
     </span>
    </p>
   </div>
  </div>
 </body>
</html>
