1847 3277
630 165 1057 207 1ΛῙΑΔΟΣ
1120 166 1171 205 Ρ.
1704 161 1733 197 9

245 279 443 348 ἔμμεναι·

504 273 608 318 οὐδέ
638 273 661 318 ε’
687 291 798 330 φημι
826 275 1006 318 πόδεσσί
1034 290 1082 328 γε
1114 272 1202 317 οἷσι
1231 273 1386 316 κιόντα

247 333 467 389 εὐφρῆναι
495 330 658 388 ἄλοχόν
687 348 731 375 τε
762 334 918 401 φίλην,
948 330 1137 380 κεδνούς
1166 346 1212 374 τε
1218 334 1413 400 τοκῆας.

249 391 308 442 ὤς
334 397 424 446 θην
456 389 530 433 καὶ
559 390 641 432 σόν
669 387 751 442 ἐγώ
782 387 901 432 λύσω
929 388 1081 443 μένος,
1112 389 1153 431 εἴ
1180 385 1228 431 κέ
1256 403 1338 441 μευ
1374 387 1484 430 ἄντα

160 454 215 494 30
247 447 401 519 στήῃς·

462 445 574 488 ἄλλά
605 444 645 489 σ’
687 443 814 517 ἔγωγ’
843 444 1192 518 ἀναχωρήσαντα
1222 442 1386 487 κελεύω

242 504 286 555 ἐς
315 502 493 559 πληθυν
523 503 659 552 ἰέναι,
690 500 791 557 μηδ’
824 502 973 553 α’ντίυς
1000 499 1140 545 ἵστασ’
1172 501 1311 571 ἐμεῖο,

243 563 351 615 πρίν
379 577 422 602 τι
451 559 590 603 κακόν
619 560 823 628 παθέειν·

887 558 1041 614 ῥεχθὲν
1071 560 1117 602 δέ
1147 574 1191 602 τε
1220 558 1375 613 νήπιος
1405 556 1527 610 έᾝγνω
1537 561 1564 580 “

311 617 395 667 Ὼς
425 616 561 670 φάτο,
593 616 671 659 τὸν
701 615 742 659 δ’
769 613 825 658 ov’
854 621 1028 666 πεῖθεν,
1060 614 1367 688 ἀμειβόμενος
1380 613 1425 657 δὲ
1453 611 1700 669 προσηύδα

242 677 362 726 ,,νῦν
393 674 472 728 μὲν
504 673 583 743 δὴ,
613 671 810 715 Μενέλαε
840 673 1083 727 διοτρεφὲς,
1103 675 1150 742 ἠ
1181 671 1297 728 μάλα
1325 673 1457 720 τίσεις

157 732 213 776 35
241 729 412 786 γνωτὸν
441 730 570 785 ἐμόν,
612 730 690 773 τὸν
723 730 930 784 ε’πεφνες,
957 728 1244 785 ἐπευχόμενος
1273 726 1319 772 δ’
1349 726 1594 784 ἀγορεύεις,

239 787 438 856 χήρωσας
468 789 514 830 δὲ
543 792 733 843 γυναῖκα
758 791 886 854 μυχῷ
915 786 1139 841 θαλάμοιο
1170 787 1311 839 νέοιο,

243 844 406 907 ἀρητὸν
438 845 483 888 δὲ
510 848 687 887 τοκεῦσι
714 843 825 912 γόον
853 844 928 887 καὶ
957 844 1124 895 πένθος
1155 844 1329 899 ἔθηκας.

240 906 268 957 ἡ
299 903 346 944 κέ
378 912 486 956 σφιν
515 903 697 945 δειλοῖσι
725 900 838 956 γόου
868 899 1135 970 κατάπαυμα
1163 902 1397 956 γενοίμην,

238 960 279 1003 εἴ
305 974 382 1002 κεν
411 958 495 1014 ἐγώ
524 957 722 1015 κεφαλήν
750 974 795 1002 τε
819 957 923 1015 τεὴν
949 959 1024 1002 καὶ
1052 955 1194 1014 τεύχε’
1230 958 1398 1008 ἐνείκας

75 1087 163 1127 190,
180 1083 317 1141 Odyss.
341 1081 390 1136 ζ,
415 1085 484 1118 200
507 1083 594 1126 etc.)
618 1083 688 1117 νῦν
713 1080 794 1127 ἔλογ
797 1083 877 1116 ισα-

71 1145 137 1173 το,
172 1128 232 1167 ὁτε
259 1129 299 1165 δὲ
324 1130 434 1166 εἶπεν.
474 1129 591 1173 (idem
615 1129 759 1162 dixisset
790 1127 876 1173 ἔφη,

72 1178 164 1212 sicut
195 1177 293 1234 φημὶ
323 1181 489 1221 sequente
513 1187 626 1209 versu.
671 1187 705 1208 v.
730 1187 808 1209 ann.
833 1175 877 1208 ad

70 1226 119 1267 α’,
146 1225 212 1268 43,
238 1222 286 1266 ε’,
311 1223 380 1259 184
402 1228 469 1256 etc.
503 1242 550 1247 —
585 1220 876 1277 ἐλέγχιστον.

72 1270 120 1318 β’,
145 1251 224 1306 285'.
249 1290 294 1297 —
330 1268 590 1313 εὐφρῆναι.
625 1266 672 1307 ε’,
707 1270 798 1309 688,
831 1266 878 1313 η’,

72 1320 142 1355 297
167 1319 252 1362 etc.)
276 1315 490 1356 κεδνους
517 1314 572 1358 (ι’
595 1316 697 1359 586)
721 1317 878 1359 κηδεμο-

71 1363 227 1406 νικοῦς,
256 1364 435 1406 ἐντιᾛμους
467 1359 526 1402 ω’ς
550 1364 664 1417 θην.
683 1360 753 1405 (θ’,
776 1361 876 1405 447)

73 1409 125 1453 ὦς
161 1410 220 1455 δή.
257 1410 404 1455 (λύσω
439 1409 591 1452 μένος.
627 1406 688 1449 π’,
713 1409 802 1449 332,
829 1407 876 1454 β’,

72 1461 141 1495 118
161 1464 227 1493 etc.
261 1469 383 1492 versus
410 1458 454 1491 29
469 1456 577 1490 -32.
614 1455 735 1488 iterum
754 1454 875 1499 legun-

70 1512 128 1540 tur
151 1503 198 1544 ν’,
224 1504 302 1539 196.
321 1522 366 1530 -
392 1502 435 1543 ἐς
457 1500 660 1556 πληθῦν
675 1501 814 1536 ἰέναι.
840 1513 873 1535 v.

72 1550 122 1594 λ’,
145 1552 234 1592 360,
264 1549 299 1584 υ’
310 1551 434 1592 ,,377
479 1549 608 1593 Οά)“.εε
631 1545 681 1588 λ,
706 1547 786 1582 514.
820 1553 874 1582 est

71 1577 209 1644 qu⁹idem
224 1575 372 1631 '’heroum
392 1595 434 1631 τὸ
458 1596 705 1639 προμαχίζειν,
730 1606 794 1627 nec
816 1599 874 1628 ta-

71 1656 146 1680 men
169 1643 293 1698 pudet
303 1654 362 1677 eos
387 1653 627 1687 nonnunquam
654 1641 780 1674 cedere
798 1641 873 1674 for-

69 1691 215 1726 tioribus
235 1695 270 1723 et
285 1689 350 1734 iis,
374 1700 459 1743 quo-S
478 1689 521 1722 ab
544 1700 581 1722 se
601 1687 694 1721 vinci
711 1698 778 1720 non
796 1698 874 1721 esse

68 1737 195 1772 infatis
213 1736 338 1771 sciunt.
379 1749 413 1770 v.
434 1735 579 1769 inferius
596 1735 789 1769 98—101.
821 1733 872 1768 ita

68 1786 138 1819 fert
157 1784 312 1827 natura.)
337 1783 450 1825 πρίν
474 1794 577 1816 τι--
596 1793 724 1826 εγνω
757 1781 871 1815 τοῦτο

68 1829 160 1885 dud„
180 1831 381 1872 παροιμίας
415 1828 596 1872 εἴληπται.
638 1827 776 1872 νηπίου
801 1839 871 1870 γαρ

66 1892 100 1914 κ.
135 1873 306 1919 αφρονός
345 1875 420 1910 ε’στι
451 1887 544 1919 μετα
577 1872 619 1909 τό
653 1874 873 1917 πραχθῆναι

67 1922 110 1960 τὸ
149 1922 265 1958 κακὸν
297 1923 503 1979 θεραπείαν
537 1934 570 1955 κ.
609 1918 872 1962 ἐπανόρθωσιν

68 1968 188 2006 αυτοῦ
209 1971 340 2014 ζητεῖν.
381 1967 400 2005 6
417 1967 488 2014 γὰρ
513 1965 645 2011 ἄφρων
662 1965 707 2003 οὐ
724 1967 872 2022 προορᾷ

66 2017 110 2053 τὸ
145 2017 297 2059 με’λλον,
345 2012 437 2050 ἄλλα
483 2013 653 2058 πραχθεν
693 2012 871 2069 γινώσκει.

67 2064 187 2109 „Plan
207 2063 326 2121 Symp.
344 2074 421 2119 cap.
433 2063 490 2097 37.
514 2067 688 2095 extremo.
714 2057 871 2106 εὐλαβη-

70 2112 213 2168 θῆναι,
248 2109 311 2144 καὶ
332 2108 406 2153 μή,
442 2108 538 2143 κατὰ
562 2107 631 2153 τὴν
653 2110 872 2151 παροιμίαν,

68 2155 188 2201 ὥσπερ
211 2153 368 2200 νήπιον,
404 2154 582 2190 παθόντα
603 2155 778 2199 γνωναι.6
782 2155 870 2188 ‘CL

66 2204 223 2238 simfliter
249 2202 390 2236 Hesiod.
410 2202 454 2238 Ο.
485 2202 581 2236 etl).
607 2203 698 2236 216:
732 2199 872 2236 παθων

68 2250 110 2286 δέ
126 2262 163 2284 τε
182 2247 316 2292 νήπιος
335 2247 438 2293 ἔγνω.
462 2267 555 2290 ,,-
544 2247 669 2282 Suidas
689 2260 722 2281 v.
745 2245 870 2288 ἁλιεύς

65 2302 230 2342 rapporte
252 2307 292 2329 ce
313 2306 458 2340 passage
483 2294 516 2328 d'
523 2295 620 2328 Hom.
644 2306 735 2339 pour
756 2294 867 2339 expli-

65 2355 154 2388 quer
177 2343 208 2376 le
227 2342 415 2386 proverbe.
493 2342 550 2382 „le
578 2342 730 2386 pecheur
754 2341 868 2374 blesse

67 2378 206 2424 devient
222 2391 344 2432 sagef‘
401 2406 446 2413 —
457 2366 574 2421 '’I'ite-
585 2387 672 2420 Live
686 2388 744 2428 22,
765 2389 794 2429 §.
808 2388 866 2422 39.

66 2436 132 2470 fait
149 2436 225 2469 dire
248 2445 269 2467 a
291 2433 416 2467 Fabius
435 2445 503 2478 que
519 2433 541 2466 1
545 2435 746 2467 ένὲιιειιιειιι.
762 2440 815 2467 est
833 2433 866 2467 le

64 2481 186 2516 maitre
208 2481 268 2514 des
285 2488 377 2513 sots·
369 2505 377 2512 .
401 2482 581 2513 stultorum
599 2481 665 2514 iste
684 2479 865 2524 (eventus)

63 2530 236 2573 magister
255 2532 316 2560 est.
329 2528 352 2545 ‘⁶
382 2525 425 2559 D
447 2526 614 2560 Μοιιὼεί.
636 2526 784 2560 Croesus
806 2539 864 2583 ap.

64 2574 277 2608 Herodotum
300 2576 340 2614 1,
364 2574 450 2608 207:
489 2572 536 2607 τὰ
570 2571 612 2608 δέ
643 2585 707 2615 μοι
737 2572 867 2617 παθή-

64 2633 185 2676 ματα,
220 2618 330 2656 ἐόντα
363 2617 543 2662 ἀχάριτα,
578 2617 787 2664 μαθήματα
809 2633 868 2665 γε-

63 2665 182 2711 γόνεε.
223 2665 415 2709 Aeschylus
437 2667 866 2711 Agam160.Zfivoe‚—

71 2712 151 2748 Τόν
183 2715 337 2757 φρονεῖν
367 2712 526 2757 βροτους
558 2711 773 2755 danicam«,
807 2714 868 2758 τῷ

64 2758 220 2796 πάθει
252 2759 412 2803 μάθος
446 2758 566 2795 Θέντα
596 2760 732 2802 κυρίως
764 2758 868 2804 ἔχειν,

66 2805 126 2840 ubi
149 2818 182 2839 v.
208 2806 396 2840 Blomfield.
421 2807 587 2840 Germani
613 2806 716 2851 vulgo
750 2805 788 2840 id
812 2806 866 2840 di-

65 2857 168 2886 cunt·
201 2853 308 2886 durch
332 2853 491 2886 Schaden
513 2853 602 2886 1ιὶτά
626 2865 707 2887 man
732 2853 830 2898 klug.

110 2899 177 2940 35,
198 2900 255 2934 36.
295 2899 395 2933 Sch..
431 2898 613 2944 γνωτὸν
647 2897 720 2943 (γ’,
752 2899 863 2955 174.)

62 2942 192 2988 ἐμόν.
226 2941 308 2979 οἶντὶ
328 2958 396 2980 του
420 2959 601 3001 τιμωριαν
622 2945 752 2986 δώσεις
767 2959 861 2989 υπερ

63 2993 132 3027 τοῦ
165 2989 258 3030 ἐμοῦ
285 2993 452 3050 γνωτοιῖ,
497 3008 515 3029 ο
550 2992 647 3028 ἐστιν
680 2990 860 3035 ἀδελφοῦ.

62 3036 130 3081 (α’,
153 3039 216 3074 42:
256 3040 394 3074 τίσειαν
419 3041 565 3075 Δαναοὶ
597 3038 669 3084 ἐμα
702 3038 859 3083 δάκρυα.

924 1080 967 1139 ξ’,
990 1083 1078 1118 483:
1105 1082 1166 1139 ’ἵνα
1189 1081 1240 1127 μή
1265 1096 1301 1117 τι
1324 1077 1559 1126 κασιγνήτοιό
1584 1091 1624 1123 γε
1645 1090 1732 1113 ποι-

923 1128 970 1174 νὴ
991 1129 1119 1173 Δηρόν
1144 1128 1184 1176 ἔῃ
1210 1130 1347 1170 ἄτιτος.
1374 1131 1408 1163 Ε
1424 1130 1466 1162 Κ.
1484 1132 1519 1160 et
1537 1127 1583 1162 H.
1612 1127 1656 1177 cf.
1655 1127 1731 1181 E.)

923 1175 1154 1221 χήρωσας.
1192 1176 1249 1220 (ε’,
1273 1177 1372 1220 642.)
1405 1174 1524 1219 χήραν
1548 1172 1609 1207 καὶ
1644 1171 1731 1218 ἕρη-

923 1235 996 1266 μον
1021 1222 1208 1266 ἐποίησας.
1234 1223 1306 1267 (Ει
1317 1242 1363 1247 -
1383 1226 1499 1257 λείπει
1508 1217 1732 1276 κοινότερον

924 1270 966 1305 τὸ
994 1266 1192 1311 ἀνδρὸς,
1221 1267 1375 1328 σιγηθεν
1392 1268 1457 1304 δια
1475 1263 1517 1303 τό
1542 1265 1642 1303 πάνυ
1663 1269 1731 1314 δῆ-

923 1319 1001 1351 λον
1048 1313 1148 1351 ου’τω
1185 1315 1225 1352 δὲ
1259 1317 1320 1351 καὶ
1353 1314 1392 1351 ἐν
1425 1317 1477 1362 τῷ
1514 1313 1730 1373 χήρωσεν

923 1362 1093 1419 ἀγυιὰς
1117 1364 1231 1398 λείπει
1252 1363 1294 1399 τὸ
1314 1352 1486 1405 ἄνδρων,
1510 1359 1534 1408 ἢ
1553 1362 1730 1403 πολιτῶν,

922 1407 945 1454 ἢ
978 1410 1153 1445 τοιοῦτόν
1185 1423 1230 1445 τι.
1263 1430 1309 1435 -
1342 1410 1492 1453 δόμον
1529 1407 1731 1453 ἡμιτελῆ

922 1455 968 1502 β’,
1003 1459 1082 1493 701.
1126 1457 1342 1516 comparavit
1375 1457 1491 1491 Schol
1528 1458 1586 1500 A.)
1623 1457 1728 1490 θαλ.

920 1503 1065 1539 νέοιο.
1087 1505 1217 1538 νεωστὶ
1239 1502 1589 1558 κατεσκευασμένου,
1614 1514 1730 1547 προσ-

921 1547 1059 1592 φάτου.
1094 1551 1185 1584 idem
1210 1552 1254 1584 ad
1280 1549 1323 1594 β’,
1349 1552 1436 1586 701:
1463 1570 1505 1575 —-
1543 1549 1632 1590 ἔθος
1656 1549 1728 1595 γὰρ

920 1602 966 1644 ήν
982 1601 1061 1637 τοῖς
1082 1597 1219 1641 γήμασι
1235 1598 1411 1640 θάλαμον
1430 1598 1729 1642 οἰκοδομεῖσθαι.

919 1645 998 1687 „sic
1020 1644 1055 1677 in
1081 1644 1224 1678 aedibus
1250 1645 1376 1678 Priami
1401 1647 1446 1679 50
1465 1650 1561 1678 erant
1588 1643 1729 1678 thalami

920 1690 1092 1731 continui,
1126 1702 1168 1724 ex
1200 1691 1316 1736 lapide
1351 1692 1459 1736 polito
1485 1691 1633 1732 structi,
1669 1689 1729 1724 ubi

919 1737 982 1771 filii
1003 1738 1077 1780 ejus
1096 1749 1172 1771 curn
1192 1738 1356 1771 uxoribus
1386 1738 1580 1778 cubabant3
1613 1742 1650 1771 et
1667 1736 1729 1771 alii

918 1795 961 1818 ex
986 1784 1154 1824 adverso,
1187 1783 1245 1817 ubi
1267 1795 1340 1817 cum
1361 1784 1497 1817 filiabus
1516 1784 1648 1828 generi.
1684 1781 1728 1826 ζ’,

917 1831 1157 1864 243—250.“
1183 1831 1213 1863 E
1233 1830 1347 1863 Feith.
1367 1831 1401 1871 3,
1425 1832 1525 1866 11.9.
1561 1830 1620 1873 cf„
1641 1840 1729 1874 quos

918 1877 951 1909 H
970 1876 1147 1916 laudavit,
1173 1876 1271 1921 Virg.
1295 1878 1377 1910 Aen.
1397 1878 1432 1918 2,
1452 1878 1542 1919 503,
1568 1877 1726 1922 Apollon.

915 1922 1027 1956 Rhod.
1045 1923 1080 1963 3,
1104 1922 1183 1957 242.

961 1970 1017 2003 37.
1044 1967 1095 2008 ω’,
1121 1969 1200 2004 741.
1226 1965 1437 2011 ἀρητὸν,
1464 1970 1725 2005 exsecrandum.

915 2013 1176 2070 πολυάρητον,
1220 2021 1439 2060 exoptatum,
1475 2016 1564 2050 dixit
1596 2017 1714 2062 Odyss

916 2059 961 2103 τ’,
993 2061 1085 2105 404,
1129 2073 1240 2105 neque
1276 2063 1469 2108 expetenda
1505 2069 1559 2097 est
1594 2063 1728 2118 aliquot

916 2108 1120 2152 scriptorum
1155 2114 1190 2141 et
1223 2108 1303 2142 edd.
1336 2109 1429 2143 Flor.
1456 2109 1532 2143 Α1(1.
1560 2109 1606 2143 Τ.
1637 2109 1726 2144 scri-

916 2161 1022 2199 ptura
1043 2153 1217 2213 5645775011·
1244 2155 1296 2188 E:
1330 2169 1389 2191 οτι
1408 2153 1448 2190 δε
1473 2155 1515 2191 τὸ
1541 2154 1726 2210 ἀρητὸν

916 2200 1100 2243 πένθος
1132 2198 1349 2259 ἅρῤητόν
1392 2213 1490 2243 τινες
1522 2203 1725 2247 γράφουσι,

917 2248 1050 2291 δῆλον,
1091 2249 1152 2283 καὶ
1187 2247 1236 2288 ὡς
1269 2261 1338 2284 ουκ
1370 2245 1658 2292 ευαρεστοῦνται
1687 2249 1725 2286 οὶ

914 2295 1067 2330 παλαιοὶ
1087 2297 1137 2352 τῇ
1161 2294 1316 2352 τοιαύτῃ
1334 2298 1473 2341 γραφῇ.
1512 2296 1662 2339 πάντως
1682 2295 1724 2332 δὲ

913 2345 1027 2383 παῖς
1058 2354 1125 2385 μεν
1159 2340 1340 2386 ἀρητός
1374 2344 1525 2400 (Odyss3
1555 2342 1648 2386 τ’.,1
1674 2345 1722 2388 c.)

914 2384 933 2422 6
954 2385 1144 2429 εύκταῖος·
1168 2387 1274 2433 γόος
1302 2388 1342 2424 δε
1368 2389 1435 2433 ἀρ.
1460 2388 1480 2425 ὁ
1502 2389 1725 2431 ἀπευκταῖος

912 2447 944 2468 κ.
970 2449 1019 2475 ως
1042 2436 1159 2471 εἰπεῖν
1183 2435 1378 2477 ἐπάρατος.
1417 2437 1508 2481 μέση
1532 2452 1620 2496 γαρἴ
1629 2441 1725 2483 λέξις

910 2477 933 2524 ἡ
971 2479 1045 2523 α’ρα
1075 2483 1138 2518 καὶ
1170 2481 1214 2517 τὸ
1248 2482 1432 2528 ἀρᾶσθαι,
1477 2483 1551 2529 ἀφ’
1589 2487 1642 2522 οὖν
1676 2485 1725 2521 τοὶ

909 2531 1069 2564 τοιαῦτα
1089 2531 1268 2574 γίνονται.

959 2577 1126 2612 38-40.
1164 2578 1401 2619 δειλοῖσι,
1432 2577 1632 2621 δειλαιόις,
1657 2579 1723 2613 11ιί-

912 2623 1007 2656 seris.
1045 2634 1079 2659 v.
1105 2635 1182 2657 ann.
1204 2624 1248 2657 ad
1272 2622 1311 2665 ε’,
1332 2624 1413 2659 574.
1441 2630 1477 2658 et
1503 2626 1548 2659 cf
1574 2625 1623 2667 α’,
1641 2627 1722 2662 293.

913 2688 958 2694 -
992 2669 1094 2703 Sch.=
1134 2668 1436 2724 κατάπαυμα.
1479 2671 1721 2714 κατάπαυσις.

915 2715 1459 2768 (8ε1ιοΙ.Α;καταπαύσαιμι
1494 2716 1534 2753 δ’
1570 2733 1618 2754 αν
1653 2720 1724 2755 τοῦ

915 2760 1063 2806 θρήνου
1082 2777 1170 2804 τους
1188 2761 1494 2808 ἁθλίουςγονέας.
1506 2784 1552 2790 —
1575 2766 1724 2801 κατά-

915 2821 1102 2853 παυμα,
1135 2809 1319 2866 παυστήρ.
1356 2822 1389 2844 v,
1420 2812 1546 2845 Matth.
1578 2814 1613 2855 ἓ.
1640 2811 1721 2849 429.

910 2875 955 2881 -
979 2855 1201 2901 κεφαλήν.
1253 2863 1357 2901 caput
1382 2857 1567 2891 abscissum
1592 2859 1722 2893 inimici

910 2904 1110 2946 parentibus
1135 2903 1263 2937 afferre
1288 2903 1404 2947 cupit,
1437 2914 1530 2937 more
1555 2905 1723 2940 barbaro-

908 2959 1001 2989 rum,
1032 2961 1051 2982 a
1076 2961 1143 3004 quo
1169 2962 1211 2983 ne
1236 2950 1309 2995 ipse
1342 2948 1475 2993 quidem
1501 2951 1587 2994 Ajax
1611 2952 1722 2986 minor

908 2995 1059 3028 abstinet
1091 2993 1141 3036 ν’,
1179 2998 1266 3035 202,
1316 3001 1354 3028 ut
1387 2996 1551 3037 Κὸρῑιειιε
1588 2999 1721 3032 notavit

908 3041 1080 3087 Kriegsw.
1100 3043 1135 3077 d.
1160 3044 1220 3077 Gr.
1246 3054 1279 3087 p.
1299 3043 1379 3077 227.
1416 3043 1461 3076 cf.
1481 3043 1622 3079 inferius
1641 3046 1718 3079 126.
