1847 3277
613 155 1055 197 ΙΛΙΑΛΟΣ
1113 156 1165 195 Φ.

1644 158 1728 197 169

279 265 376 300 Jovis
400 271 435 300 et
457 264 598 298 deorum
623 264 724 298 fidem
748 268 825 298 orat
847 263 997 297 Achilles
1027 263 1062 297 in
1086 263 1229 297 maximo
1253 265 1458 302 discrimine.

233 334 446 390 Πηλείδης
475 331 516 376 δ’
549 331 748 401 ᾤμωξεν,
780 330 889 375 ἰδών
919 333 979 382 εἰς
997 330 1210 385 -οὐρανὸν
1239 329 1401 384 εὐρύν·

311 393 436 442 ,Ζεῦ
465 387 622 442 πάτερ,
653 387 712 439 ὦς
743 405 866 438 ουτις
895 404 947 442 με
975 391 1097 431 θεῶν
1127 386 1314 431 ἐλεεινὸν
1343 387 1508 445 υπέστη

232 447 280 490 ἐκ
307 449 522 499 ποταμοῖο
553 449 747 488 σαῶσαι]
778 445 924 487 ἔπειτα
954 444 1000 488 δὲ
1027 446 1102 488 καί
1129 462 1172 488 τι
1200 442 1404 498 πάθοιμι.

119 507 202 548 275
233 504 362 554 ἄλλος
393 501 434 545 δ’
467 501 585 551 οὔτις
614 518 689 557 μοι
717 500 852 545 τόσον
883 502 1021 552 α’ίτιος
1053 499 1376 572 Οὐρανιώνων,

232 559 341 603 ἀλλὰ
369 560 490 631 φίλη
511 557 673 626 μήτηρ
704 557 733 614 ἦ
762 573 814 611 με
842 558 1079 608 ψεύδεσσιν
1107 558 1303 626 ἔθελγεν·

232 616 261 672 ἥ
291 614 354 672 μ’
370 617 508 669 ε’φατο
543 614 709 667 Τρώων
735 613 824 656 υπό
855 616 984 669 τείχεϊ
1009 613 1283 669 θωρηκτάων

232 677 464 726 λαιψηροῖς
494 671 697 714 ὀλέεσθαι
721 669 992 721 ’Λπόλλωνος
1023 672 1254 742 βελέεσσιν.

235 746 293 779 ως
321 728 368 799 μ’
401 726 525 797 ὄφελ’
545 727 715 779 ’Ἕκτωρ
745 732 934 775 κτεῖναι,
969 727 1018 778 ὃς
1047 727 1208 771 ἐνθάδε
1237 726 1274 783 γ’
1302 708 1452 780 ἔτραφ’
1485 724 1690 780 ἄριστος]

122 792 204 830 280
235 790 295 840 τῷ
326 784 362 828 κ’
387 783 563 840 ἀγαθὸς
590 785 670 838 μὲν
701 783 878 838 ἔπεφν’,
912 782 1086 839 ἀγαθὸν
1117 785 1162 827 δέ
1193 800 1269 827 κεν
1301 783 1534 838 ἐξενάριξε·

235 847 320 885 νῦν
351 843 397 884 ὁέ
414 858 480 911 με
508 840 724 909 λευγαλέῳ
755 840 937 884 θανάτω
974 843 1153 896 εἵμαρτο
1188 841 1378 886 ἁλῶναι,

235 897 447 968 ἐρχθέντ’
456 899 502 940 ἐν
530 897 718 967 μεγάλῳ
732 902 935 953 ποταμῷ,
968 915 1027 948 ως
1055 900 1190 940 παιδα
1223 895 1476 952 συφορβόν,

236 954 288 999 ὅν
319 954 375 1010 ῥά·
406 954 447 998 τ’
480 955 664 1006 ε’ναυλος
695 952 890 1011 ἀποέρσῃ
919 970 1100 1011 χειμωνι
1130 958 1362 1010 περῶνταέ

66 1066 122 1113 β’,
151 1069 217 1102 150
238 1074 303 1102 etc.
326 1086 369 1092 —
398 1069 489 1124 A..p
514 1066 760 1108 υπέρεπτε.
785 1065 879 1101 ὑπο-

65 1112 288 1167 κατήσθιεν,
333 1110 408 1148 α’πὸ
452 1115 521 1147 τοῦ
553 1112 715 1156 ἐρέπτειν
747 1112 842 1157 (204.
847 1114 878 1157 ),

65 1160 132 1204 τῆς
157 1173 240 1214 ερας
265 1174 299 1194 τι
321 1157 500 1204 ὑφαιρεῖν
518 1160 590 1204 (ἓ)
615 1167 683 1194 etc.
707 1161 793 1194 haec
816 1171 878 1193 no-

66 1206 153 1240 tatio
176 1207 292 1250 inepta
317 1213 382 1239 est.

113 1255 236 1287 273—
246 1254 326 1287 278.
366 1248 570 1306 νπέστη,
603 1252 787 1292 sustinuit,
818 1262 880 1285 au-

70 1310 127 1332 sus
158 1304 222 1332 est.
275 1299 323 1332 E:
357 1296 399 1332 τὸ
424 1295 601 1336 ὑπέστη
635 1310 679 1332 ου
705 1296 881 1352 συνήθως

69 1348 120 1390 τῷ
144 1346 281 1397 ποιητῇ
304 1348 421 1379 ’κεῖται
444 1344 514 1379 νῦν
533 1343 614 1378 ἀντὶ
639 1346 707 1378 τοῦ
730 1341 881 1387 υπέσχε-

70 1404 136 1432 το,
162 1389 253 1425 ἀλλὰ
276 1393 417 1434 μᾶλλον
443 1390 525 1426 vini
543 1391 611 1425 τοῦ
633 1390 714 1434 έτλη
739 1405 770 1424 κ.
795 1388 881 1425 ’ὑπέ-

69 1450 214 1491 μεινεν,
249 1451 298 1477 ως
329 1437 387 1479 (ἐκ
421 1437 655 1493 μεταφορᾶς
665 1437 728 1472 καὶ
750 1436 883 1479 τοῦτο)

71 1482 206 1519 στύλον
249 1481 272 1528 ἢ
308 1485 435 1522 κίονος
467 1481 725 1526 υφισταμένου
762 1484 812 1523 εἴς
847 1496 883 1517 τι

71 1530 276 1577 βάσταγμα.
307 1550 352 1554 -
393 1531 493 1563 Sch.:
529 1530 690 1564 ἔπειτα
725 1549 771 1554 -—-
804 1527 884 1563 πά-

71 1580 232 1620 θοιμι.
282 1578 444 1619 σωθείην
495 1574 533 1611 ἐκ
573 1577 643 1611 τοῦ
685 1577 881 1632 ποταμοῦ·

73 1622 199 1658 ἔπειτα
223 1621 263 1657 δε
287 1623 348 1657 καὶ
372 1621 538 1667 πάθοιμί
561 1635 607 1656 τι.
640 1621 736 1657 κατὰ
755 1621 810 1662 τὸ,
836 1619 883 1656 ἐν

75 1667 122 1704 δε
157 1667 274 1713 φάει
305 1671 384 1705 καὶ
419 1659 634 1705 ὄλεσσον.
679 1667 749 1713 (ρ’,
783 1668 882 1711 647)

73 1717 240 1757 Achilles,
289 1715 468 1749 dummodo
503 1727 570 1749 non
606 1715 709 1750 foede
750 1715 884 1757 (282.)

75 1769 196 1807 pereat
219 1763 252 1795 in
275 1762 404 1803 fluvio,
431 1769 572 1796 mortem
599 1763 689 1796 haud
716 1761 884 1805 depieca-

68 1815 144 1842 tur.
158 1827 202 1833 -
227 1808 369 1849 ἄλλος
393 1827 439 1832 -
463 1807 627 1862 μήτηρ.
654 1806 706 1842 οὐ
731 1806 884 1848 τόσον,

73 1866 142 1888 non
166 1860 316 1888 tantum.
347 1863 512 1911 expectes
534 1852 622 1890 ὅσον
645 1856 734 1899 φίλη
752 1852 886 1898 μήτηρ,

75 1901 136 1935 sed
161 1901 309 1945 subjecit
334 1898 446 1942 ἀλλὰ,
472 1902 568 1957 quasi
589 1902 754 1941 dixisset,
781 1899 888 1939 ἄλλος

76 1946 116 1982 δ’
145 1946 190 1982 οὕ
215 1959 280 1991 μοι
305 1947 424 1987 αἰτιος
446 1945 536 1990 Ου’ρ.
561 1959 623 1980 nec
642 1959 725 1980 sane
748 1947 887 1980 multum

75 1994 195 2027 differt
229 1992 275 2029 οὐ
309 1994 423 2028 τόσον
455 2005 476 2027 a
516 1993 661 2038 simplici
694 1993 889 2036 negatione,

77 2051 250 2095 saepeque
291 2052 353 2083 per
396 2051 433 2073 se
478 2040 604 2073 dicitur
619 2039 889 2095 Ἡέλλειπτικῶς,

76 2087 171 2121 velut
193 2085 255 2127 θ’,
278 2087 377 2121 4063
403 2083 499 2131 ΗΗρῃ
525 2083 560 2121 δ’
589 2098 672 2120 ουτι
697 2084 808 2121 τόσον
831 2097 889 2119 νε-

77 2135 281 2177 μεσίζομαι,
302 2130 388 2168 οὐδε
409 2133 588 2176 χολοῦμαι
606 2141 672 2167 etc.
693 2152 737 2157 -—
764 2131 890 2167 έθελ-

77 2191 148 2225 γε,
174 2180 357 2221 delenivit,
381 2179 532 2224 decepit.
557 2177 636 2219 604,
662 2177 709 2221 μ’,
734 2179 802 2214 255
822 2183 890 2214 etc.

85 2244 124 2251 —
157 2222 182 2268 ἥ
204 2222 249 2268 μ’
274 2225 427 2281 εφατο
438 2232 520 2282 „⁸²⁰3
549 2216 704 2269 asyndet
709 2237 739 2258 ιι
758 2236 890 2281 epexe-

80 2272 229 2317 geticum
264 2284 325 2317 pro
359 2285 408 2312 ως
432 2269 455 2317 ἤ
478 2269 520 2315 μ’
546 2271 604 2315 ε’φ.
618 2295 627 2313 ,
661 2273 715 2305 vel
741 2269 789 2311 ὡς
816 2271 890 2315 ε’φ.,

81 2324 119 2351 ut
145 2329 236 2361 quae
261 2319 392 2352 diceret
413 2327 479 2352 etc.
499 2337 544 2343 —
577 2316 891 2361 θωρηκτάων.

81 2365 170 2404 429,
195 2362 252 2406 μ’,
275 2365 344 2400 317
369 2370 434 2398 etc.
464 2382 508 2389 —
558 2367 823 2409 λαιψηροῖς
847 2383 892 2388 -

83 2410 335 2455 βελέεσσιν.
372 2422 534 2454 nusquam
559 2411 595 2444 id
620 2411 746 2444 Thetis
770 2411 894 2444 vatici-

85 2463 186 2489 natur
209 2457 244 2489 in
270 2456 507 2500 superioribus
532 2458 584 2500 (v.
612 2456 656 2498 ι’,
681 2456 893 2497 410-416,

83 2502 140 2545 ρ’,
171 2503 396 2543 406—409,
429 2501 478 2544 σ’,
511 2506 662 2541 8—11.
696 2503 760 2543 95,
787 2504 894 2546 96.);

17 2583 20 2590 ,
82 2548 142 2583 sed
177 2549 258 2592 quia
297 2560 404 2593 equus
435 2549 595 2582 Xanthus
630 2549 821 2583 Patroclum
852 2552 895 2582 ab

85 2594 242 2639 Apolline
275 2595 423 2629 occisum
447 2596 534 2629 (lixit
564 2594 614 2636 τ’,
639 2597 742 2635 413.,
776 2607 819 2628 ex
854 2607 895 2628 eo

84 2641 223 2675 similem
245 2652 338 2674 suam
364 2641 481 2685 ipsius.
509 2647 548 2675 ut
565 2642 662 2675 amici
688 2641 894 2683 conjunctis-

84 2686 184 2728 simi,
209 2693 350 2721 mortem
373 2687 526 2721 Achilles
558 2687 722 2731 augurari
747 2687 894 2728 videtur,

84 2733 306 2777 inexpectato
339 2739 524 2768 commotus
558 2734 720 2778 periculo.
769 2733 805 2766 cf
851 2732 895 2766 E.

39 2791 47 2794 ·
79 2784 270 2833 praeterea
292 2779 432 2814 disertis
458 2781 573 2813 verbis
598 2781 691 2813 nect
689 2791 727 2813 or
751 2779 895 2812 moriens

131 2825 263 2863 3..58
288 2824 426 2869 φράζεο
451 2827 542 2867 νῦν,
560 2826 700 2883 iuquit,
725 2825 856 2878 μήτοι
860 2838 896 2860 τι

87 2871 190 2904 θεῶν
211 2869 352 2914 μήνιμα
386 2872 546 2918 γένωμαι
560 2870 700 2913 ”Ηματι
731 2874 803 2916 τῷ,
834 2868 895 2907 ὅτε

88 2915 150 2950 κέν
180 2927 217 2952 σε
256 2917 373 2960 Πάρις
415 2919 478 2954 καὶ
523 2920 660 2963 Φοιβος
700 2898 894 2957 Ἀπόλλων,

84 2961 241 2998 Ἐσθλὸν
260 2962 373 3005 ἐόντ’,
397 2964 568 3001 ὀλέσωσιν
586 2965 640 3001 ἐνὶ
652 2966 811 3009 Σκαιῇσι
824 2963 895 2999 πύ-

85 3012 209 3055 zyma:
227 3011 321 3056 cujus
336 3013 577 3058 praedictionis
592 3013 754 3048 memoria
771 3014 896 3047 obv-er

925 1070 1068 1103 sabatur
1086 1069 1234 1102 fortasse
1255 1068 1366 1101 animo
1392 1070 1537 1113 poetae.
1562 1079 1636 1101 cum
1653 1068 1740 1101 haec

925 1121 1084 1155 caneret,
1115 1115 1163 1148 ita
1183 1120 1222 1148 ut
1240 1115 1413 1147 Hectoreo
1434 1114 1596 1147 Thetidis
1616 1114 1742 1147 vatici-

925 1160 1016 1194 nium
1035 1160 1268 1205 permisceret.
1292 1162 1426 1201 velfac,
1447 1172 1522 1193 esse
1541 1162 1606 1194 hoc
1621 1159 1742 1204 ἁμάρ-

925 1219 1023 1250 τημα
1038 1205 1278 1251 μνημονικὸν,
1305 1212 1363 1240 aut
1381 1207 1509 1247 aliquid
1527 1207 1742 1251 superiorum

926 1253 1106 1287 excidisse.
1133 1252 1212 1296 quid
1225 1258 1292 1285 tunt
1307 1253 1455 1297 postea?
1477 1260 1572 1286 certe
1593 1258 1661 1287 tam
1676 1254 1742 1286 levi

928 1302 972 1333 de
997 1311 1100 1332 causa
1129 1299 1162 1332 hi
1193 1310 1314 1331 versvs
1338 1310 1405 1332 non
1437 1305 1537 1332 erant
1568 1299 1603 1332 in
1627 1300 1742 1345 suspi-

928 1346 1057 1379 cionem
1083 1345 1138 1379 ad.
1142 1345 1276 1378 lucendi
1300 1344 1497 1378 lectoribus.

974 1391 1188 1426 279—283-
1223 1390 1420 1434 ε’τραφε,
1447 1392 1612 1425 adolevit.
1637 1403 1670 1424 v.
1698 1388 1744 1437 β’,

929 1439 1010 1472 661.
1032 1455 1076 1462 -
1111 1437 1243 1481 „Virg
1275 1442 1356 1471 Aen.
1378 1441 1419 1475 1,
1438 1439 1517 1474 96.:
1541 1439 1745 1471 oDanmlm

922 1484 1115 1526 fortissime
1158 1484 1275 1527 gentis
1311 1462 1464 1526 Tydid'e,
1503 1485 1591 1518 men'
1629 1485 1746 1518 Iliacis

929 1531 1124 1563 occumbere
1149 1530 1278 1573 campis
1304 1530 1385 1563 bon
1407 1531 1582 1574 potuisse,
1615 1536 1747 1576 tuaque

930 1577 1083 1609 animam
1107 1576 1196 1608 hanc
1223 1577 1397 1619 effundere
1416 1577 1604 1610 dextra?“
1630 1576 1747 1610 cl.—

929 1622 1028 1657 Sch..
1053 1623 1253 1665 λευγαλέ
1264 1636 1303 1664 ῳ.
1326 1620 1382 1665 (ι’
1402 1623 1564 1667 119etc)
1588 1623 1748 1668 χαλεπῷ,

930 1665 1069 1713 οἷδόξφ.
1111 1670 1247 1724 (λυίρῷ
1270 1658 1399 1702 Buttm.
1436 1669 1597 1705 Lexil.1.
1631 1682 1664 1713 p.
1692 1672 1747 1705 18.

931 1727 966 1746 v.
983 1727 1060 1749 ann
1083 1715 1124 1748 ad
1144 1714 1196 1757 θ’,
1216 1716 1297 1750 365.
1310 1734 1356 1739 -
1382 1716 1593 1757 εἵμαρτο.
1619 1715 1748 1750 Matth.

930 1762 1055 1803 §.165
1071 1781 1107 1785 -
1137 1758 1327 1796 αλῶναι.
1346 1759 1394 1805 μ’,
1408 1763 1485 1797 172.
1504 1763 1534 1796 le
1538 1762 1680 1817 giturh.
1694 1774 1748 1798 vs.

931 1807 1034 1841 etiam
1058 1807 1093 1840 in
1119 1808 1279 1853 Odyssea
1303 1806 1349 1850 ε’,
1375 1809 1455 1843 312.
1484 1815 1521 1843 et
1545 1807 1603 1849 ω’,
1627 1810 1751 1844 34.-

932 1852 1182 1898 έρχθέντα,
1202 1856 1407 1896 conclusum,
1426 1854 1586 1909 εὼέιηω,
1609 1855 1750 1911 εἴργω.)

934 1899 1194 1947 συφορβόν.
1229 1901 1385 1955 (Odyss.
1411 1900 1459 1942 ξ’,
1486 1903 1576 1943 504,
1601 1900 1657 1945 ρ’,
1680 1902 1750 1938 348

934 1948 1021 1991 etc.)
1064 1944 1317 1992 χοιροβοσκόν.
1362 1947 1532 1990 (viliores
1576 1955 1751 1993 pastorum

934 1993 1067 2027 subulci
1091 2000 1128 2027 et
1156 1993 1316 2038 caprarii.
1363 1993 1406 2027 de
1429 1994 1572 2035 suibus,
1597 1995 1751 2038 quamvis

932 2040 1147 2080 utilissimis,
1171 2052 1214 2073 ne
1232 2051 1406 2084 exponere
1430 2040 1564 2084 quidem
1590 2040 1751 2085 dignatus

937 2092 991 2119 est
1007 2085 1172 2130 Virgilius
1185 2086 1383 2130 Georgicis
1407 2086 1596 2120 Columella
1615 2093 1751 2131 postre-

936 2144 988 2166 mo
1013 2132 1087 2166 loco
1112 2144 1279 2177 pecuuum
1305 2132 1404 2167 uixit.
1437 2133 1519 2167 nihil
1536 2134 1645 2179 igitur
1668 2145 1751 2167 con-

935 2178 1072 2212 temtius
1095 2190 1201 2224 puero
1225 2178 1389 2219 subulc0‚
1422 2180 1478 2212 cui
1511 2191 1549 2214 se
1572 2183 1753 2224 comparat

936 2225 1086 2258 Achilles
1112 2227 1259 2279 abrepto
1284 2236 1304 2258 a
1328 2230 1505 2267 ῑοῐιειιῑε,
1534 2238 1597 2272 per
1621 2232 1753 2270 tempe-

937 2277 1070 2304 statem.
1118 2271 1260 2305 Ε·τό
1300 2269 1338 2305 δε
1366 2273 1638 2326 συφορβὸς
1653 2271 1754 2315 ἅπαξ

938 2317 1080 2360 εἱρηται
1105 2319 1155 2362 τῷ
1179 2318 1316 2362 ποιητῇ
1342 2317 1398 2361 [in
1424 2319 1578 2364 iliade]‚
1609 2331 1659 2359 ως
1682 2332 1753 2352 πα-

939 2367 1231 2407 ρασημειούνται
1267 2376 1304 2399 οι
1335 2366 1511 2407 παλαιοὶ,
1549 2367 1754 2421 φράζοντες

938 2409 1108 2445 ἐνταῦθα
1131 2409 1336 2466 γοργότατα
1352 2424 1443 2467 περι
1467 2410 1668 2457 Ἀχιλλέως,
1705 2425 1754 2453 ως

940 2461 1106 2492 ταπειιοῑ
1139 2455 1298 2499 ἑαυτὸν,
1342 2455 1362 2493 ὁ
1395 2458 1506 2500 καλὸς
1538 2460 1599 2494 καὶ
1631 2458 1756 2503 με’)ας,

939 2505 1047 2538 παιδὶ
1091 2503 1244 2546 εἰκάζων
1287 2501 1430 2547 α’·γεννεῖ
1475 2506 1537 2540 καὶ
1578 2503 1731 2540 εὐτελεῖ.
1737 2505 1755 2549 )

943 2550 1160 2591 ἔναυλος.
1187 2551 1286 2595 (312,
1304 2549 1354 2592 π’,
1371 2553 1447 2595 71.)
1472 2551 1669 2596 χείμαῤῥος
1687 2566 1756 2586 πο-

941 2596 1076 2641 ταμός,
1101 2595 1165 2632 δια
1189 2597 1320 2632 στενοῦ
1346 2597 1451 2640 ρέων.
1483 2618 1517 2623 -
1566 2599 1614 2632 E:
1647 2597 1688 2633 vd
1715 2599 1755 2634 δὲ

941 2642 1149 2688 ἀποέρσῃ
1174 2645 1282 2687 (329,
1309 2642 1348 2685 ζ’,
1367 2645 1468 2699 348.)
1493 2646 1600 2689 δηλοῖ
1623 2657 1692 2689 μεν
1713 2643 1756 2681 τὸ

943 2691 1103 2736 φθείρῃ,
1128 2703 1268 2735 γινεται
1293 2688 1331 2724 ὸὲ
1357 2688 1432 2724 ἀπὸ
1456 2692 1522 2726 τοῦ
1548 2690 1674 2736 ερρω’
1663 2691 1756 2735 έρσω

943 2738 1126 2772 Αἰολικοῦ.
1170 2737 1398 2793 probabiliter
1426 2739 1530 2771 Sclxn.
1557 2739 1678 2772 Aeoles
1703 2739 1757 2772 di-

941 2785 1034 2817 xisse
1073 2789 1195 2827 putat
1215 2780 1414 2826 άποέρὸειν
1446 2794 1510 2826 pro
1549 2783 1754 2839 ἀποέργειν,

941 2841 1126 2874 separare
1150 2830 1361 2862 concludere
1389 2840 1454 2874 quo
1473 2842 1572 2864 sensu
1593 2829 1756 2877 α’ποὲρσῃ

942 2875 1129 2921 respondet
1153 2877 1258 2908 verbo
1284 2874 1470 2919 ἐρχθέντα.
1513 2877 1607 2910 malit
1641 2883 1754 2912 tamen

943 2922 1472 2964 Buttm.lexi!.11.p.17o.
1517 2935 1649 2957 sumere
1673 2937 1753 2969 pro-

943 2969 1050 3012 prium
1077 2969 1181 3010 quod
1174 2968 1247 3000 lam
1276 2970 1411 3001 »eibum
1439 2966 1545 3011 ἔρδω,
1571 2977 1752 3014 cognatum

940 3014 1024 3049 illud
1049 3016 1099 3049 τῶ
1126 3012 1248 3057 ἅρὸω,
1274 3015 1373 3059 rigo,
1409 3014 1499 3048 sicut
1524 3015 1656 3050 Iones'
1645 3029 1752 3064 worp
