1847 3277
568 166 1002 211 ΙΛΙΑΔΟΣ
1060 166 1106 204 Τ.

1592 161 1676 202 145

173 283 315 339 ’Ὕλλῳ
345 281 413 326 ἐπ’
445 279 667 336 ἰχθυόεντι
693 278 765 322 καὶ
785 276 933 332 ’Ἐρμῳ
963 272 1164 329 δινήεντι.
1179 274 1205 294 “

249 340 332 391 ‘2529
363 338 488 393 ἔφατ’
521 335 778 392 εὐχόμενος·
808 334 887 376 τὸν
916 332 962 375 δὲ
992 328 1148 378 σκότος
1179 325 1281 370 ὄσσε
1308 326 1486 377 κάλυψε.

191 397 270 441 τόν
295 397 374 452 μὲν
397 395 581 449 Ἀχαιῶν
609 395 735 436 ἵπποι
764 388 1049 442 ἐπισσώτροις
1078 383 1285 429 δατέοντο

72 459 154 504 395
183 453 336 510 πρώτῃ
365 452 412 495 ἐν
441 451 618 507 ὑσμίνῃ.
666 447 690 492 ὁ
722 447 764 492 δ’
794 444 864 490 ἐπ’
897 444 1017 501 αὐτῷ
1047 440 1357 497 Δημολέοντα,

184 510 344 555 ἐσθλὸν
374 507 611 564 ἀλεξητῆρα
641 503 799 561 μάχης,
829 501 1084 556 Ἀντήνορος
1113 497 1238 547 υἷὸν,

183 569 286 618 νύξε
314 566 424 609 κατὰ
454 564 706 618 κρόταφον,
737 560 895 614 κυνέης
925 559 998 601 διὰ
1026 550 1355 612 χαλκοπαρῄου.

183 622 284 669 οὐδ’
316 623 402 675 ἄρα
431 623 603 677 χαλκείη
633 618 771 672 κόρυς
799 617 995 671 ἔσχεθεν,
1027 610 1137 656 ἀλλὰ
1167 607 1228 654 δι’
1258 606 1395 663 αὐτῆς

186 680 314 736 αἰχμὴ
346 681 489 735 ἱεμένη
519 675 616 732 ῥῆξ’
649 674 828 720 ὀστέον,
860 671 1097 726 ἐγκέφαλος
1127 667 1172 711 δὲ

72 745 154 787 400
185 739 313 782 ἔνδον
343 736 456 786 ἅπας
485 732 760 778 πεπάλακτο·

793 728 986 784 δάμασσε
1017 726 1064 770 δέ
1100 740 1176 780 μιν
1207 723 1424 777 μεμαῶτα.

179 792 505 847 Ἱπποδάμαντα
536 789 577 834 δ’
610 790 774 840 ἔπειτα,
806 784 905 830 καθ’
935 786 1080 826 ἵππων
1111 780 1311 830 ἀΐξαντα,

184 851 384 904 πρόσθεν
413 849 514 892 ἕθεν
543 846 788 902 φεύγοντα,
819 840 1096 898 μετάφρενον
1126 836 1284 880 οὔτασε
1314 831 1455 885 δουρί.

187 907 327 959 αὐτὰρ
359 905 383 951 ὁ
414 904 563 960 θυμόν
593 902 721 946 ἄϊσθε
751 901 824 945 καὶ
856 898 1043 954 ἤρυγεν,
1075 893 1135 945 ὥς
1165 893 1238 937 ὅτε
1266 894 1431 944 ταῦρος

183 965 368 1020 ἤρυγεν,
400 961 634 1017 ἑλκόμενος
656 958 910 1003 Ἑλικώνιον
939 953 1054 1010 ἀμφὶ
1083 951 1272 999 ἄνακτα,

0 1051 216 1112 λἹῙρόδοτὸς
241 1078 366 1111 φησιν.
400 1066 462 1109 (1,
496 1065 570 1108 80.)
606 1061 760 1097 ἅπτεται
790 1060 830 1096 δὲ

18 1117 81 1151 καὶ
99 1116 257 1153 ’Μυσίας
281 1112 300 1147 ὁ
319 1109 480 1154 “Ερμος,
514 1109 551 1152 ἐξ
582 1106 693 1152 ὅρους
726 1108 831 1151 ἱεροῦ

18 1164 84 1207 τῆς
116 1157 357 1203 Δινδυμήνης
389 1165 453 1191 etc.
500 1158 544 1191 cf.
573 1156 698 1189 Cellar.
729 1156 762 1190 2.
795 1166 828 1198 p.

20 1211 76 1244 69.
106 1227 140 1233 —
179 1207 400 1251 ἰχθυόεντι
426 1223 470 1229 —
495 1200 701 1246 δινήεντι.
727 1212 758 1234 v.
783 1199 829 1245 β’,

22 1257 85 1295 87,
105 1252 190 1293 484,
215 1251 255 1295 ξ’,
278 1253 358 1287 508.
377 1270 422 1276 ——
453 1250 642 1291 „similiter
661 1248 705 1281 de
724 1247 827 1281 Aeolo

21 1301 120 1345 Virg.
155 1302 237 1333 Aen.
279 1300 342 1339 12,
376 1298 480 1332 546:
518 1297 572 1329 hic
608 1296 671 1329 tibi
713 1294 832 1327 mortis

23 1352 123 1382 erarzt
147 1352 276 1381 metae,
306 1345 424 1377 domus
447 1344 520 1376 alta
544 1342 604 1375 sub
633 1342 717 1381 ma,
746 1340 830 1383 Lyr-

21 1394 111 1427 nessi
144 1393 262 1425 domus
286 1393 382 1431 alta,
418 1391 487 1423 solo
513 1389 690 1421 Laurente
713 1387 829 1430 sepul-

19 1442 159 1474 crum.“
184 1437 237 1472 Cl.

70 1494 284 1531 394—397.
319 1491 655 1535 ἐπισσώτροις.
680 1489 729 1531 ε’,
751 1490 831 1530 725,

26 1541 76 1582 λ’,
101 1543 169 1577 537
191 1549 256 1574 etc.
280 1560 326 1565 —
363 1541 462 1574 Sch.:
496 1538 741 1573 δατέοντο.
774 1534 831 1579 (ι’,

27 1590 116 1629 138,
140 1585 190 1628 σ’,
217 1589 305 1628 264,
330 1585 393 1630 ψ’,
420 1587 483 1621 121
509 1586 596 1629 etc.)
629 1583 835 1619 διέκοπτον.

27 1635 95 1679 (Ει
130 1633 386 1677 διαιροῦντο.)
444 1630 718 1677 ἀλεξητῆρα
756 1626 835 1672 μά-

26 1693 119 1726 χης.
150 1678 440 1723 ἅποτρεπτικὸν,
469 1678 629 1725 βοηθόν.
662 1697 706 1702 -
744 1676 835 1711 idem

28 1733 81 1762 est
99 1725 273 1771 ἀμύντωρ
295 1724 345 1769 ν’,
365 1727 446 1762 384.
472 1726 506 1759 Ε
523 1725 565 1759 Κ.
584 1744 630 1750 --
669 1722 836 1768 κρότα-

30 1786 133 1818 φον.
157 1772 318 1816 δ’,502,
342 1771 387 1815 ν’,
413 1773 479 1809 188
498 1777 566 1807 etc.
584 1791 630 1796 —-
663 1771 837 1813 κυνέης

31 1821 65 1856 δ.
89 1817 448 1866 χαλκοπαρῄου.
481 1815 539 1862 μ’,
560 1818 646 1858 183,
672 1814 716 1862 ρ’,
734 1816 814 1852 294.

72 1877 286 1959 39988-4oe-
319 1888 354 1911 v.
381 1873 442 1920 μ’,
468 1876 688 1919 184-186,
720 1871 770 1915 λ’,
792 1871 839 1909 96

75 1970 157 2006 401.
191 1968 239 2011 λ’,
261 1968 342 2006 423.

77 2015 168 2057 403,
193 2015 273 2052 404.
317 2016 422 2050 Sch.=
455 2010 611 2050 ἄϊσθε.
643 2009 719 2057 (π’,
740 2010 840 2055 468.)

31 2060 255 2118 ἐξέπνευσεν.
303 2061 484 2107 ἤρυγεν.
510 2057 731 2105 ἐμυκήσατο,
755 2057 839 2092 αἰνε-

33 2121 187 2154 ρυγγανε
207 2134 218 2150 ,
271 2109 418 2152 πνεῦμα
464 2105 633 2152 σφοδρὸν
683 2103 838 2149 ἀφῆκεν.

33 2155 171 2199 (Vnam
195 2155 266 2190 und
286 2157 442 2190 stfihnete
463 2154 615 2197 dumpf.)
656 2148 747 2187 ‘Eia
760 2149 841 2185 κώ-

35 2214 141 2257 ζιον
159 2199 194 2236 ἆ.
219 2200 364 2237 ἄνακτ
377 2215 410 2237 α.
430 2200 497 2236 τὸν
514 2199 743 2239 Ποσειδῶνα,
758 2195 842 2242 ἤτοι

38 2261 95 2284 οτι
128 2246 167 2282 ἐν
187 2246 356 2283 Ἑλικῶνι
380 2247 457 2293 ὄρει
488 2249 554 2289 τῆς
580 2247 763 2285 Βοιωτίας
786 2257 840 2279 τι-

34 2296 172 2352 μιῖἶτοιιἶ
198 2291 220 2340 ἦ
243 2294 280 2330 ἐν
301 2292 435 2342 Ἑλίκῃ.
481 2293 621 2338 μᾶλλον
648 2287 715 2327 οὖν
740 2289 842 2332 παρὰ

36 2354 102 2377 τον
116 2340 154 2398 ἐν
178 2341 287 2388 Ελίκῃ
298 2340 402 2377 θεόν.
428 2340 593 2386 διαφέρει
611 2339 681 2385 γάρ
692 2336 843 2373 Ἑλικών

35 2388 97 2423 καὶ
127 2389 264 2432 Ελίκη,
291 2385 348 2423 ὅτι
361 2384 512 2423 Ἑλικών
532 2386 599 2430 μὲν
619 2385 706 2430 ὅρος
727 2388 842 2420 Βοιω-

39 2437 139 2476 τίας,
160 2432 285 2478 Ἑλίκη
314 2431 354 2469 δὲ
377 2436 499 2480 νῆσος.
532 2434 639 2478 fimo:
664 2431 776 2472 πόλις.
808 2442 843 2464 v,

85 2506 95 2524 ,
130 2482 218 2522 575,
264 2481 394 2515 Cellar.
432 2482 461 2515 1.
496 2492 530 2525 p.
567 2481 674 2520 1176,
714 2478 844 2520 1177.)

44 2527 201 2571 Αχαΐας,
234 2525 271 2583 ἐν
296 2522 320 2574 ᾖ
345 2526 444 2570 ἱερὸν
470 2528 715 2566 Ποσειδῶνος.
758 2522 779 2569 ἡ
805 2523 845 2559 δὲ

44 2574 184 2630 ὶστρρία
209 2587 317 2619 αντη.
358 2574 504 2619 Νηλεύς
528 2571 546 2609 ὁ
573 2572 736 2615 Κόδρου,
760 2584 845 2616 χρη-

44 2631 136 2664 σμον
158 2621 292 2666 λαβών,
318 2617 494 2657 ἀποικίαν
518 2618 674 2655 ἔστελλεν
697 2619 749 2657 εἰ..-
771 2618 847 2651 Μί-

0 2701 2 2706 ,
45 2669 152 2722 try-ton
175 2668 234 2702 καὶ
264 2669 433 2710 Καρίαν,
467 2666 563 2702 ἔνθα
587 2665 692 2709 ἱερὸν
719 2667 847 2699 Ποσει-

0 2739 2 2751 .
48 2714 166 2754 &mog
188 2712 381 2770 {donica-ro,
413 2714 474 2749 καὶ
500 2711 575 2748 α’πὸ
602 2714 670 2747 τοῦ
694 2710 732 2746 ἐν
751 2708 848 2746 Ἑλί-

0 2778 3 2798 ι
47 2772 91 2805 κῃ
109 2771 284 2814 ¹‘ttftwoms
300 2758 512 2797 Ἑλικώνιον
536 2759 601 2794 τὸν
621 2759 716 2793 θεὸν
737 2768 846 2800 προσ-

49 2817 234 2861 ηγορειυσε.
285 2809 387 2843 δοκεῖ
420 2806 481 2848 δὲ,
524 2803 677 2842 ἐπειδᾶν
711 2805 850 2845 θύωσι,

47 2854 262 2909 βοησαντων
284 2852 350 2895 μὲν
366 2855 440 2888 τῶν
463 2854 562 2900 βοῶν
582 2851 852 2896 προσδέχεσθαι

49 2911 90 2934 το
115 2901 224 2933 θεῖον
247 2899 312 2942 τὴν
329 2902 488 2942 θυσίαν,
512 2898 698 2944 σιγώντων
726 2896 766 2934 δὲ
790 2900 852 2932 λυ-

51 2947 205 3000 πεῖσθαι
236 2946 296 2981 καὶ
333 2948 468 2992 μηνιᾷν
499 2948 728 2990 νομίζεσθαι.
773 2955 853 2990 per-

46 2995 137 3048 'tmet
168 2992 232 3026 hoc
263 2993 306 3027 ad
342 2994 446 3027 verba
467 2991 625 3037 γάνυται
650 2991 690 3028 δέ
714 3004 751 3026 τε
775 2993 854 3031 τοῖς

57 3038 293 3082 Ενοσίχθων,
325 3038 360 3073 in
382 3038 504 3084 quibus
533 3042 611 3080 τοῖς
640 3043 755 3086 potest.
779 3049 854 3072 esse

92 3094 233 3129 Homul·
259 3095 319 3130 ΠῙ.

876 1057 930 1090 his
962 1056 1084 1095 rebus,
1123 1054 1187 1087 hac
1218 1062 1274 1092 re,
1311 1047 1440 1092 mugitu
1472 1045 1590 1087 bovis,
1624 1043 1686 1078 sed

876 1102 978 1136 etiam
1004 1102 1057 1134 his
1076 1097 1367 1136 adolescentibus,
1393 1094 1451 1138 qui
1475 1093 1597 1127 bovem
1623 1093 1686 1125 ad-

876 1149 1028 1187 ducunt,
1070 1151 1106 1179 ut
1146 1145 1178 1177 H
1211 1140 1465 1176 animadvertit.
1521 1142 1688 1179 „constat

876 1195 958 1236 hoc,
993 1192 1102 1226 fuisse
1125 1190 1159 1224 in
1184 1188 1309 1229 Caria,
1343 1190 1423 1231 post
1452 1185 1547 1217 Ionia
1581 1184 1688 1224 dicta,

875 1239 1031 1284 Neptuni
1060 1235 1227 1271 Heliconii
1258 1235 1372 1267 fanum
1405 1230 1688 1276 antiquissimum,

877 1287 974 1330 cujus
999 1284 1150 1328 origines
1185 1281 1426 1315 referebantur
1459 1280 1502 1311 ad
1534 1276 1690 1309 coioniae

878 1333 921 1365 ab
946 1331 1084 1364 Ionibus
1117 1330 1151 1362 in
1186 1327 1299 1362 Asiam
1333 1325 1457 1358 ductae
1489 1321 1689 1368 primordia.

877 1376 1077 1412 memoravit
1102 1373 1286 1418 Clitophon
1319 1382 1374 1416 ap.
1398 1369 1480 1403 Sch.
1515 1374 1552 1402 et.
1574 1367 1690 1402 Schol.

879 1425 928 1465 A,
954 1434 1052 1468 quem
1073 1420 1328 1466 Clitophontem
1348 1415 1530 1449 verisimile
1553 1415 1691 1447 videtur

879 1469 1022 1503 eundem
1047 1480 1124 1501 esse
1146 1474 1252 1511 atque
1270 1463 1438 1498 Rhodium
1459 1461 1692 1504 cognominem

878 1516 990 1557 illum,
1028 1514 1086 1558 qui
1118 1524 1192 1546 cum
1226 1510 1363 1550 Indica,
1397 1508 1519 1541 Italica
1554 1513 1589 1540 et
1623 1506 1692 1540 alia

880 1560 1071 1605 hujusmodi
1094 1558 1255 1603 scripsit,
1278 1561 1349 1590 tum
1372 1557 1516 1592 κτίσεις.
1564 1554 1691 1587 etenim

881 1613 1023 1641 auctore
1047 1605 1226 1640 Herodoto
1252 1605 1294 1643 1,
1321 1602 1397 1636 148.
1446 1601 1568 1640 Ioues,
1596 1605 1692 1643 post-

880 1664 979 1698 quam
1003 1653 1038 1686 in
1062 1651 1177 1686 Asiam
1200 1648 1434 1689 advenerant,
1460 1646 1505 1681 ad
1531 1645 1693 1690 Mycalen

880 1703 1126 1733 consecrarunt
1158 1695 1319 1740 templum
1349 1692 1577 1729 Ποσειδεῶνι
1595 1687 1693 1725 Ἑλι-

880 1746 1024 1792 κωνίῳ,
1046 1745 1105 1778 ubi
1130 1746 1319 1777 conventus
1343 1740 1454 1774 habiti
1477 1743 1574 1779 sunt,
1606 1747 1694 1782 quos

882 1791 1052 1827 Panionia
1082 1789 1255 1824 dixerunt.
1294 1786 1433 1830 (Strab.
1466 1786 1507 1824 8,
1534 1785 1589 1825 7.,
1623 1784 1694 1818 vol.

883 1839 918 1873 2.
943 1849 975 1884 p.
997 1838 1078 1872 220.
1103 1835 1158 1869 ed.
1179 1833 1395 1876 Tauchniz.)
1420 1829 1614 1875 antiquitus
1632 1840 1695 1862 au—

884 1888 953 1918 tem
971 1882 1087 1916 clarae
1106 1881 1200 1915 cultu
1213 1877 1368 1924 Neptuni
1383 1878 1525 1912 suerunt
1543 1875 1697 1910 Achaiae

885 1931 990 1964 urbes
1022 1928 1144 1962 Helice
1178 1932 1213 1960 et
1236 1927 1352 1968 Aegae
1384 1924 1473 1967 (θ’,
1497 1923 1588 1961 202,
1614 1922 1695 1956 203.

887 1974 1115 2010 Callimachus
1147 1973 1180 2007 h.
1216 1971 1253 2005 in
1285 1970 1362 2005 Del.
1395 1970 1472 2005 101.
1505 1964 1626 2011 Ἑλίκη
1658 1978 1697 2002 τε

891 2019 1154 2060 Ποσειδάωνος
1176 2016 1354 2062 ἑταίρη),
1382 2015 1599 2060 traditurque
1623 2013 1697 2046 He-

885 2068 951 2102 lice
973 2078 1112 2113 quoque
1131 2064 1338 2099 celebratum
1356 2062 1465 2096 fuisse
1483 2071 1602 2095 nomen
1625 2059 1698 2093 Ne-

886 2113 984 2160 ptuni
1009 2110 1192 2147 Heliconii.
1229 2119 1298 2155 qua
1329 2119 1369 2142 re
1392 2106 1536 2142 adducti
1559 2105 1697 2151 quidam

886 2161 1074 2205 scriptores
1094 2157 1292 2192 referebant
1307 2154 1392 2189 illud
1409 2164 1531 2188 nomen
1550 2149 1699 2186 ad‘Eaet-

886 2219 979 2251 κην,
1015 2205 1115 2250 quasi
1148 2203 1237 2237 idem
1269 2200 1317 2235 sit
1350 2199 1560 2239 Ἑλικώνιος
1594 2203 1699 2243 atque

884 2250 1091 2295 Ἑλικήϊοςι
1124 2251 1215 2295 quod
1240 2246 1316 2282 fieri
1340 2258 1442 2292 posse
1466 2256 1596 2290 negans
1623 2243 1700 2278 Ari-

887 2300 1046 2333 starchus
1083 2308 1103 2331 a
1135 2301 1248 2330 monte
1283 2293 1449 2328 Helicone
1490 2292 1699 2337 appellatum

889 2344 1025 2380 censuit
1048 2343 1168 2384 deum,
1193 2339 1269 2377 ἐπεὶ
1295 2337 1318 2384 ἡ
1341 2340 1503 2375 Βοιωτία
1527 2337 1594 2382 ὅλη
1619 2335 1700 2379 ἱεροὶ

895 2391 1146 2429 Ποσειδῶνοςε
1180 2401 1214 2422 ν.
1246 2387 1363 2432 Etym.
1394 2386 1429 2419 in
1466 2382 1631 2426 Κύπρις,
1667 2394 1699 2427 p.

890 2439 971 2479 547,
999 2439 1051 2472 14.
1077 2441 1112 2469 et
1133 2434 1210 2468 Sch.
1236 2433 1278 2467 ad
1305 2431 1344 2473 ε’,
1370 2431 1448 2467 422.
1501 2433 1585 2476 Ap.=
1609 2425 1701 2463 Ἑλι-

890 2484 1039 2519 κώνιον.
1078 2481 1144 2517 τὸν
1176 2479 1417 2518 Ποσειδῶνα,
1449 2475 1523 2512 ἀπὸ
1556 2473 1703 2509 Ἑλίκω-

890 2545 976 2573 νος,
1002 2529 1070 2564 τοῦ
1095 2527 1132 2563 ἐν
1158 2529 1339 2572 Βοιωτίᾳ,
1372 2524 1475 2567 ἱεροῦ
1502 2524 1567 2557 τοῦ
1593 2522 1702 2556 θεοῦ.

892 2577 992 2623 (dedi
1019 2576 1120 2619 ἱεροῦ
1145 2586 1209 2620 pro
1235 2573 1361 2617 ἱερὸν,
1392 2571 1483 2615 quod
1510 2570 1636 2602 habent
1660 2567 1703 2600 li-

891 2624 957 2658 bri.
997 2622 1152 2655 Villois.=
1178 2619 1273 2655 ἔνθα
1298 2616 1398 2662 ἱερὸν
1419 2623 1505 2655 etc„
1534 2615 1623 2659 quod
1648 2614 1703 2646 fa-

893 2671 958 2704 cile
981 2668 1210 2704 admisissem,
1232 2665 1262 2700 si
1286 2665 1330 2699 de
1354 2662 1462 2697 sacris
1482 2663 1643 2704 Neptuno
1668 2660 1703 2692 in

894 2714 1060 2750 Helicone
1087 2713 1192 2747 factis
1221 2711 1426 2751 constaret.)
1459 2707 1495 2742 οἱ
1524 2706 1564 2741 δέ
1589 2716 1705 2749 φασιν

894 2760 968 2797 ἀπὸ
990 2758 1136 2804 Ἑλίκης
1160 2764 1224 2792 etc⁴
1260 2757 1318 2791 alii
1340 2754 1564 2801 probabiliter
1587 2752 1704 2785 urbem

890 2805 1036 2852 Ἑλίκην
1079 2806 1182 2839 etiam
1221 2801 1400 2838 Ἑλικῶνα
1433 2805 1589 2832 vocatam
1629 2808 1706 2829 esse

897 2853 1154 2891 existimarunt,
1187 2847 1466 2895 quemadmodum
1491 2845 1591 2879 Hom.
1617 2842 1707 2876 dixit

898 2901 955 2942 θ’,
979 2900 1058 2934 202.
1079 2896 1225 2939 Ἑλίκην
1250 2908 1286 2930 τε
1310 2894 1372 2929 καὶ
1397 2889 1530 2935 Αἰγὰς,
1557 2888 1706 2932 scriptor

898 2953 1009 2981 autem
1035 2943 1148 2989 hymni
1174 2944 1272 2976 Hom.
1302 2940 1335 2973 in
1361 2939 1466 2983 Nept.
1492 2939 1525 2972 3.
1557 2934 1708 2970 Ἑλικῶ-

898 3006 946 3026 να
971 2992 1032 3026 καὶ
1053 2989 1174 3032 Αἰγάς.
1216 2988 1296 3021 inde
1321 2993 1391 3022 est.
1417 2983 1450 3017 ni
1477 2983 1588 3024 fallor,
1615 2979 1705 3026 quod

899 3038 999 3073 Iones
1014 3036 1194 3081 imaginem
1214 3031 1367 3080 Neptuni
1388 3029 1562 3075 petierunt
1579 3028 1622 3063 ab
1636 3027 1709 3061 He-

1380 3082 1436 3120 10
