1847 3277
122 159 179 199 74

176 267 258 308 410

746 159 1147 201 ΟΜΗΡΟΥ

372 266 395 290 *
412 267 488 317 Η,
517 265 591 309 καὶ
621 264 698 308 ἄπ’
731 264 994 320 ἀκμοθέτοιο
1024 265 1166 319 πέλωρ
1197 268 1351 323 αἴητον
1382 265 1562 326 ἀνέστη,

288 322 510 376 χωλεύων·
541 321 629 364 ὑπὸ
661 323 706 365 δὲ
735 326 898 377 κνῆμαι
927 321 1096 376 ῥώοντο
1128 321 1287 390 ἀραιαί

289 378 434 431 φύσας
464 378 544 431 μέν
577 377 622 432 ῥ’
659 378 884 421 ἀπάνευθε
913 380 1024 420 τίθει
1057 379 1218 433 πυρός,
1250 381 1365 423 ὅπλα
1393 395 1438 422 τε
1466 379 1608 423 πάντα

287 433 463 485 λάρνακ’
495 436 537 484 ἐς
568 434 798 502 ἀργυρέην
820 433 1070 486 ξυλλέξατο,
1101 440 1192 485 τοῖς
1223 436 1434 478 ἐποιεῖτο·

286 489 462 559 σπόγγῳ
496 490 539 533 δ’
572 489 684 543 ἀμφὶ
711 488 925 543 πρόσωπα
952 492 1026 533 καὶ
1057 489 1189 545 ἄμφω
1218 490 1317 560 χεῖρ’
1349 491 1634 548 ἀπομόργνυ,

173 547 255 590 415
287 545 448 601 αὐχένα
476 562 521 588 τε
551 546 779 615 στιβαρὸν,
809 548 881 589 καὶ
913 546 1076 601 στήθεα
1105 547 1367 602 λαχνήεντα·

283 605 338 645 δῦ
369 602 415 644 δὲ
445 600 605 669 χιτῶν’,
639 601 706 643 ἕλε
735 602 780 644 δὲ
811 607 1031 659 σκῆπτρον
1060 604 1197 658 παχὺ,
1229 608 1285 658 βῆ
1315 604 1360 646 δὲ
1389 603 1576 658 θύραζε,

282 657 507 727 χωλεύων·
537 656 626 700 υπὸ
657 656 698 700 δ’
730 657 974 732 ἀμφίπολοι
1006 660 1177 714 ῥώοντο
1210 659 1366 703 α’νακτι

282 714 503 769 χρύσειαι,
537 717 669 768 ζωῆσι
698 716 893 769 νεήνισιν
923 718 1149 766 εἰοικυῖαι,

281 788 359 826 της
388 770 435 812 ἐν
463 770 542 823 μὲν
569 769 674 820 νόος
704 770 789 813 ἐστὶ
819 771 925 826 μετὰ
955 774 1128 841 φρεσὶν,
1159 772 1217 835 ἐν·
1237 773 1283 815 δὲ
1312 773 1385 814 καὶ
1418 770 1554 828 αὐδὴ,

167 828 252 872 420
283 827 355 869 καὶ
384 825 562 877 σθένος,
595 824 829 870 ἀθανάτων
859 828 904 871 δὲ
932 833 1052 872 θεων
1085 827 1173 872 ἄπο
1204 827 1310 884 ἔργα
1339 831 1499 871 ἴσασιν.

111 928 191 972 mir,
217 928 295 961 dass
320 926 452 970 ὅπλον,
481 929 698 973 lVerkwvg,
728 941 803 962 vom
831 929 918 972 ἕπω,

110 975 186 1007 dem
216 974 445 1018 eigentlichen
469 975 584 1008 Verbo
615 971 671 1008 fur
703 977 785 1009 alles
808 977 918 1010 Bear-

109 1019 245 1063 beiten,
273 1021 410 1054 kommt.
424 1023 447 1038 ‘

153 1065 232 1100 410
257 1066 306 1099 E:
333 1062 601 1121 οἷκμόθετον
630 1064 752 1126 τόποις,
778 1066 872 1102 ἔνθα
895 1065 915 1104 ὁ

108 1107 236 1169 ἄκμων
266 1115 431 1153 τίθεται,
457 1109 506 1151 ὡς
534 1114 640 1157 δηλοῖ
671 1114 732 1148 καὶ
764 1113 806 1148 ‘ro'
833 1116 915 1157 θῆ-

106 1170 187 1192 κεν
213 1154 274 1191 εῗπ’
295 1155 549 1215 ἀκμοθέτῳ
571 1158 716 1202 μέγαν
737 1158 914 1203 ἄκμονα

106 1203 251 1260 (³476),
276 1202 370 1238 ἐ’νθα
371 1204 581 1262 Ἡέτυμολογῑ
590 1208 663 1239 ῖται
689 1203 710 1248 ἦ
732 1206 823 1248 λέξις
844 1219 910 1240 τον

106 1247 342 1292 ἆκμοθέτου,
368 1248 457 1291 ὅπερ
490 1249 527 1285 ἐκ
560 1253 628 1285 τοῦ
656 1248 911 1287 οἶκαονοθέτου

107 1295 360 1340 συγκέκοπται.
402 1297 498 1336 „der
528 1309 608 1340 gros
611 1309 648 1330 se
680 1298 807 1341 Block‚
854 1300 916 1332 auf

105 1342 265 1376 welchem
290 1344 352 1376 der
373 1343 512 1375 Amboss
540 1344 674 1375 stelas
699 1344 742 1376 K.
764 1364 805 1368 —
842 1344 912 1379 πέ-

104 1390 213 1432 λωρ,
244 1394 455 1428 πιοιιειτιιτη,
495 1394 700 1432 portentum.
744 1402 777 1423 v.
808 1390 910 1423 Schn.

104 1434 140 1467 h.
156 1445 189 1467 v.
221 1438 256 1467 et
285 1445 346 1467 nos
375 1444 454 1466 ann.
485 1434 527 1466 ad
551 1433 601 1475 κ’,
626 1433 706 1469 439
730 1455 775 1460 —
807 1436 911 1468 Seth:

104 1480 292 1524 αἴητον.
308 1479 419 1533 μέγα.
441 1497 484 1503 --
528 1480 639 1525 Apion
659 1492 714 1524 ap.
737 1483 802 1525 Ap.
828 1482 911 1524 αἴη-

103 1538 168 1561 τον
188 1537 263 1559 esse
286 1526 335 1559 ait
357 1524 558 1567 πνευστόν,
583 1537 657 1559 cum
678 1526 713 1559 id
736 1527 911 1561 derivaret

103 1572 197 1606 haud
217 1572 321 1605 dubie
341 1573 382 1605 ab
405 1571 496 1611 αἶ’,ω
523 1573 555 1605 h
580 1584 608 1605 e.
630 1570 707 1612 ἆω,
725 1574 788 1616 fla,
808 1574 909 1616 spiro,

103 1618 384 1676 quemadmodum
421 1619 505 1650 haec
533 1622 568 1650 et
597 1618 717 1651 similia
746 1631 846 1661 aymo
877 1625 911 1653 et

104 1664 243 1708 ἀγαίω,
271 1662 328 1698 ἀεὶ
348 1669 383 1696 et
405 1664 496 1704 αἰεὶ,
522 1664 710 1707 promiscue
736 1665 910 1706 dixerunt,

102 1711 305 1756 praesertim
327 1716 475 1743 veteres,
503 1710 654 1752 Hesych.
676 1721 827 1754 quoque:
852 1712 910 1745 αἴ-

102 1769 213 1800 ητον,
245 1755 472 1790 πνευστικόν.
517 1755 772 1810 intelligendum
806 1757 910 1799 igitur

102 1808 196 1836 esset
224 1803 365 1847 proprie
393 1803 522 1845 αιητον
551 1802 626 1834 sive
659 1800 774 1845 ἄητον
804 1804 909 1860 infla—

100 1855 196 1890 tum,
229 1848 305 1881 dein
331 1860 500 1892 magnum
529 1859 548 1880 a
583 1855 830 1892 consequente:
866 1847 908 1884 τὸ

100 1894 172 1940 γὰρ
200 1894 440 1937 φυσώμενον,
467 1893 579 1937 inquit
599 1898 660 1937 Ap.
691 1895 712 1927 l.
742 1906 770 1927 c.
784 1920 794 1936 ‚
818 1894 908 1940 μέγα

99 1943 250 1986 γίνεται.
294 1942 394 1983 longe
426 1940 645 1972 Buttmannus
675 1940 781 1973 Lexil
819 1942 843 1974 Ι.
875 1953 906 1985 p.

99 1989 179 2022 235.
197 1987 327 2032 repetit
348 1987 476 2028 αἱήτος
495 1991 530 2018 et
549 1984 650 2025 αἰνὸς
668 1998 687 2018 a
703 1986 797 2019 nesci
802 2000 820 2020 o
839 1999 907 2031 quo

98 2034 228 2073 verbo,
254 2045 274 2066 a
297 2045 363 2076 quo
383 2033 450 2065 ista
472 2031 638 2064 vocabula
664 2032 832 2065 ducantur
859 2033 906 2066 ita

98 2085 139 2113 ut
159 2078 282 2118 δεινὸς
305 2091 322 2111 a
344 2080 473 2112 δεῖσαι
508 2077 676 2110 assentiar
693 2086 805 2110 tamen
830 2079 906 2112 viro

98 2125 293 2159 doctissimo
324 2125 368 2158 de
400 2129 543 2158 accentu
566 2129 694 2156 mutato
720 2124 819 2168 hujus
845 2136 906 2157 vo-

99 2172 169 2212 cis,
211 2172 306 2213 cujus
343 2171 372 2202 si
412 2181 536 2204 revera
567 2169 635 2201 fuit
678 2169 782 2213 stirps
821 2171 904 2211 αἶ’ω,

97 2217 280 2251 scribenda
311 2216 371 2249 illa
400 2220 475 2249 erat
507 2214 656 2259 αἰητὸς,
692 2222 730 2247 ut
757 2215 904 2258 α’γητός.

97 2288 122 2305 ,,
134 2264 197 2296 der
215 2263 391 2306 gangbare
409 2265 537 2296 Accent
557 2262 657 2294 riihrt
672 2272 737 2294 von
756 2264 817 2295 der
837 2266 905 2296 An-

98 2309 190 2343 sicht
217 2309 298 2348 her,
330 2307 410 2341 dass
440 2307 575 2351 ἅητος,
612 2307 741 2350 αἰήτος
771 2308 904 2350 cigent-

98 2355 163 2388 lich
182 2354 237 2388 ein
257 2354 476 2397 compositum
495 2354 554 2386 mit
572 2366 596 2386 α
614 2353 676 2385 sei.
689 2356 712 2371 ‘⁶
735 2353 784 2386 ita
802 2355 906 2387 Butt-

97 2412 250 2435 mannus.
287 2399 368 2443 quid
390 2406 448 2432 aut
453 2411 522 2439 em,
548 2399 576 2431 si
606 2399 691 2431 bene
717 2399 822 2433 habet
847 2411 905 2432 ac-

98 2452 236 2486 centus,
273 2445 567 2498 grammaticique
567 2456 756 2498 perperam
797 2445 904 2478 inter-

98 2491 229 2538 pretati
264 2496 342 2524 sunt
376 2493 518 2525 verbum
551 2487 650 2531 ἅπαξ
685 2490 906 2534 λεγόμενονῖ

98 2539 164 2572 suit
194 2549 297 2578 sane,
331 2548 404 2570 cum
432 2536 465 2569 id
494 2535 708 2570 scribendum
738 2549 771 2570 es
774 2550 810 2571 se
832 2537 906 2570 exi-

98 2584 271 2619 stimarem
292 2579 436 2628 οἷΐητον,
461 2582 749 2625 derivandumque
771 2584 814 2616 ab
833 2582 905 2617 ἰάω

98 2637 135 2665 et
165 2628 225 2671 ἰὴ,
257 2641 343 2675 vox,
372 2634 410 2663 ut
439 2628 528 2662 idem
560 2627 775 2682 significaret
802 2637 906 2673 atque

98 2655 343 2720 ἀναύδητον,
361 2673 527 2719 ἄφατον,
553 2670 729 2708 &onerum
764 2676 905 2708 necdum

99 2723 257 2768 poenitet
278 2722 514 2765 conjecturae,
548 2730 621 2753 cum
647 2719 686 2763 ἰὴ
711 2720 846 2762 legatur
869 2721 904 2754 in

99 2769 238 2802 oraculo
277 2767 516 2812 antiquissimo
545 2777 600 2810 ap.
630 2766 841 2799 Herodotum
873 2769 905 2807 1,

99 2817 177 2856 85„
200 2815 350 2857 itemque
381 2825 436 2857 ap.
468 2811 667 2854 Αεεεὴ)1υιη
690 2811 786 2844 Pers
815 2814 906 2851 868,,

99 2861 205 2894 Rhes.
236 2860 315 2894 522.
328 2884 338 2900 ‚
370 2865 406 2893 et
431 2857 605 2891 Cleanthis
633 2858 755 2900 hymno
785 2856 819 2890 in
847 2858 906 2891 Jo-

100 2917 192 2939 vem·
225 2917 246 2938 a
273 2916 342 2949 quo
364 2904 497 2938 nomine
519 2902 654 2936 ductum
679 2902 748 2937 ἰάω
775 2904 908 2936 obsole-

965 931 1116 972 δρυτος,
1141 927 1280 964 ἄουτον
1302 932 1392 971 536,
1420 941 1462 963 ne
1483 927 1635 973 οἷνίητον
1655 931 1766 963 refer-

964 984 1059 1009 retur
1085 976 1127 1009 ad
1159 975 1289 1010 ohtrico.
1331 977 1526 1010 diaeceseos
1551 975 1686 1020 quidem
1720 975 1767 1008 si-

964 1033 1065 1065 gnum
1094 1022 1195 1055 facile
1229 1022 1304 1056 fieri
1331 1021 1443 1066 potuit
1471 1028 1508 1054 ut
1542 1021 1766 1061 omitteretur,

965 1068 1163 1111 praesertim
1191 1080 1232 1101 ex
1260 1079 1326 1112 quo
1348 1067 1502 1111 ignorari
1537 1069 1654 1111 coepit
1683 1068 1766 1099 haec

961 1114 1102 1146 notatio.
1138 1114 1232 1146 mitto
1260 1114 1398 1147 aliorum
1425 1119 1631 1153 commenta,
1664 1123 1766 1156 prae-

960 1160 1075 1192 sertim
1097 1160 1267 1192 Eustathii
1287 1166 1322 1192 et
1339 1159 1602 1191 Sclioliastarum
1623 1158 1763 1202 ineptis-

957 1206 1051 1238 sima.
1088 1224 1123 1228 —
1167 1205 1377 1238 alacritatem
1406 1205 1578 1247 surgentis
1614 1204 1669 1237 dei
1703 1215 1765 1236 ex-

958 1250 1075 1294 primit
1102 1257 1239 1283 metrum
1263 1250 1477 1292 dactylicum.
1496 1269 1537 1273 —
1562 1249 1660 1293 Virg.
1680 1250 1764 1285 Aen.

957 1298 991 1335 3,
1015 1296 1112 1329 657..
1104 1308 1112 1316 ·
1135 1301 1305 1338 pastorem
1326 1296 1583 1338 ΡυΙηρΙιθτηιιπι,
1598 1313 1642 1318 —
1665 1296 1764 1327 Mon-

957 1348 1065 1375 strum
1089 1342 1186 1395 Ιιοινν
1189 1343 1314 1382 mlum,
1338 1343 1503 1383 informe,
1529 1342 1660 1382 ingens.

1003 1386 1083 1421 411.
1107 1387 1140 1421 v'
1153 1389 1236 1427 ‚37-
1258 1409 1305 1413 —
1337 1386 1526 1441 ῥώοντο,
1552 1386 1697 1445 (ὅρμων.
1722 1383 1764 1428 λ’,

957 1433 1002 1465 50
1035 1452 1080 1457 —-
1122 1431 1309 1476 αραιαί.
1346 1431 1515 1474 ασθειεῑς
1539 1434 1599 1467 καὶ
1624 1434 1762 1467 λεπταί.

956 1477 988 1510 Ε
1007 1479 1089 1511 Sch.
1120 1479 1163 1513 cf.
1185 1477 1211 1513 ε’
1223 1505 1233 1521 ,
1256 1481 1333 1513 425.

1001 1524 1122 1558 413—
1133 1525 1212 1560 416.
1229 1527 1329 1558 Scb..
1349 1523 1570 1569 λάρνακα.
1585 1522 1651 1569 (ω’,
1665 1524 1763 1567 795)

955 1568 1121 1614 κιβωτόν.
1165 1573 1268 1609 τοῖς
1302 1569 1534 1606 ἐπονεῖτο.
1571 1572 1690 1613 (380,
1715 1568 1761 1627 β’,

954 1616 1040 1656 409,
1067 1617 1193 1671 Odyss.
1223 1616 1280 1656 π’,
1303 1619 1378 1660 13.)
1413 1616 1467 1657 οἷς
1489 1617 1608 1661 εἰργάζ
1611 1629 1669 1651 ετο
1699 1615 1763 1651 καὶ

955 1662 1106 1716 ἕνήρ,ει,.
1129 1661 1242 1707 (ἀμφὶ
1264 1675 1327 1717 pro
1345 1663 1507 1697 adverbio
1525 1668 1587 1702 est,
1607 1662 1761 1706 circum.)

955 1706 1236 1752 λαχνήεντα.
1270 1706 1327 1754 (β’
1337 1733 1348 1749 ‚
1370 1710 1460 1751 743,
1486 1706 1531 1750 ι’,
1563 1708 1642 1743 544
1658 1709 1674 1753 )
1704 1720 1761 1743 τε·

955 1768 1110 1798 τριχωμε
1106 1755 1169 1789 ’να.
1198 1757 1444 1798 σκῆπτρον.
1467 1754 1759 1800 τὴνβακτηρίαν.

955 1819 997 1826 —
1018 1814 1043 1833 π
1055 1799 1149 1845 αχύ.
1175 1813 1321 1834 crassum
1339 1801 1523 1845 scipionem
1541 1808 1658 1845 gestat
1675 1802 1760 1835 deus

956 1847 1148 1881 claudicans
1175 1848 1217 1881 ad
1241 1847 1496 1880 sustentandum
1521 1858 1645 1892 corpus
1682 1858 1760 1880 ann.

955 1893 1068 1927 Schol.
1088 1895 1126 1926 A.
1147 1913 1192 1917 —
1224 1894 1278 1938 βῆ
1300 1893 1346 1927 δε
1369 1892 1565 1936 θυραζε.
1597 1904 1683 1926 nunc
1702 1893 1760 1926 de-

954 1950 1039 1971 mum
1064 1941 1155 1972 foras
1184 1940 1317 1983 prodit,
1347 1950 1453 1983 seque
1475 1940 1609 1972 confert
1633 1939 1668 1972 in
1699 1949 1758 1972 cu-

954 1985 1120 2026 biculum,
1146 1997 1213 2030 quo
1237 1985 1423 2019 Thetidem
1449 1984 1642 2019 introduxit
1669 1984 1762 2017 Cha—

952 2042 1010 2063 ris.

999 2075 1078 2110 417.
1109 2075 1337 2119 χωλεύων.
1362 2087 1468 2119 parvo
1496 2075 1678 2108 intervallo
1705 2086 1759 2108 re-

953 2123 1040 2166 petit
1071 2122 1135 2156 hoc
1163 2123 1308 2161 vocab..
1350 2133 1412 2155 nec
1447 2122 1521 2155 sere
1558 2122 1759 2154 mentionem

951 2167 1164 2200 ciaudicandi
1206 2167 1349 2207 omittit,
1395 2167 1532 2210 quoties
1574 2167 1760 2200 Vulcanum

951 2219 1210 2255 commemorat,
1245 2224 1336 2246 more
1365 2214 1539 2246 rudiorum
1580 2212 1758 2252 hominum,

952 2260 1008 2303 qui
1034 2260 1118 2291 vitia
1137 2258 1290 2302 corporis
1311 2258 1419 2302 magis
1443 2271 1540 2303 quam
1571 2259 1669 2292 animi
1696 2259 1755 2291 ob-

951 2311 1103 2338 servant.
1144 2305 1284 2337 Persius
1307 2308 1345 2345 1,
1367 2306 1459 2338 1282:
1498 2307 1588 2337 lneco
1613 2305 1671 2348 qui
1696 2315 1756 2348 po-

951 2352 1014 2384 scit
1032 2352 1166 2384 dicere.-
1192 2351 1322 2383 Lusce!
1348 2363 1381 2382 v.
1402 2361 1478 2383 ann.
1499 2351 1540 2384 ad
1559 2349 1613 2391 α’,
1635 2351 1714 2384 600.

997 2397 1063 2432 419
1079 2398 1205 2430 -422
1231 2397 1330 2440 τῇς,
1357 2397 1476 2440 quibus
1495 2397 1682 2440 virginibus
1705 2395 1758 2428 vi-

950 2444 1027 2482 vis,
1054 2443 1165 2487 ζωῇσι
1193 2441 1352 2485 νεήνισιι
1386 2453 1459 2475 nam
1490 2454 1548 2476 eas
1580 2442 1757 2482 describit,

951 2500 1016 2522 uon
1045 2496 1086 2522 st
1082 2495 1180 2521 ituas
1207 2490 1289 2521 istas
1314 2499 1453 2528 ειη-ρος,
1485 2500 1504 2521 a
1532 2488 1678 2521 Vulcano
1704 2488 1756 2520 fa—

953 2541 1046 2575 ctas;
1074 2535 1132 2579 qui
1161 2542 1214 2567 est
1239 2545 1337 2567 error
1361 2513 1545 2590 Ευεῐᾝειῑὴίἰ.
1578 2534 1612 2567 id
1637 2534 1666 2567 si
1696 2545 1756 2566 vo-

951 2580 1072 2626 [uisset
1097 2586 1216 2620 v,ates
1250 2579 1315 2612 (11Χῖ
1309 2586 1388 2612 sset
1415 2592 1479 2624 της
1509 2578 1548 2613 ἐν
1575 2591 1640 2622 μεν
1669 2578 1758 2619 νόος

952 2621 1005 2670 ἦν
1031 2633 1096 2659 etc.
1119 2645 1161 2650 -—
1187 2627 1271 2658 haec
1288 2625 1454 2658 imitatum
1474 2637 1549 2658 esse
1567 2625 1757 2666 Alexidem,

952 2677 1071 2705 auctor
1090 2677 1144 2704 est
1171 2671 1211 2705 E.
1247 2670 1367 2705 ἰστέον
1396 2670 1456 2712 δε,
1481 2671 1611 2716 inquit,
1637 2669 1694 2706 ὅτι
1718 2671 1756 2705 ἐκ

951 2719 1024 2752 τῶν
1040 2716 1258 2761 “Οιιηρικῶν
1286 2715 1445 2760 χρυσέων
1474 2719 1654 2752 νεανίδων
1681 2718 1758 2751 τῶν

950 2765 1018 2798 τοῦ
1037 2760 1242 2807 Ηφαίστου
1267 2761 1446 2806 ὁρμηθεὶς
1465 2764 1518 2805 (²²)
1543 2760 1562 2797 ὁ
1588 2763 1757 2805 Κωμικός

942 2809 1074 2852 ’Ἄλεξις
1096 2809 1184 2850 τούς
1203 2809 1240 2844 ἐκ
1262 2808 1378 2852 πυρός
1405 2811 1614 2854 σπινθῆρας
1640 2808 1755 2850 κύνας

948 2853 1156 2899 Ηφαίστου
1179 2856 1250 2900 ε’φη
1271 2853 1309 2889 ἐν
1329 2855 1380 2899 τῷ
1400 2857 1590 2890 καιέταί
1605 2869 1686 2898 μοι
1707 2857 1754 2897 (κ.

955 2901 996 2938 δέ
1018 2905 1101 2946 μοι)
1127 2901 1176 2936 τὸ
1204 2902 1297 2960 πῦρ
1315 2900 1393 2936 Ηὸ
1406 2915 1445 2946 η,
1468 2901 1655 2937 τουτέστιν
1678 2900 1759 2944 ἐξά-

100 2953 193 2984 verit
219 2957 363 2995 propter
388 2949 667 2991 ambiguitatem,
691 2948 910 2992 scripserint·
956 2961 1096 2989 πτεται,
1115 2947 1291 2982 πυκνοὶ
1314 2946 1346 2982 δ’
1367 2944 1593 2992 ᾄττουσιν
1607 2945 1761 2991 Ἡφαί·

101 3007 168 3042 que
196 2996 344 3041 αἴητον,
380 3003 419 3031 ut
447 2994 618 3040 ἆῖδηλος,
653 2992 820 3038 ἀϊδρεία,
853 2994 912 3029 αἶ’·
962 3007 1073 3030 στου
1098 3007 1242 3036 κννες.
1257 3013 1300 3020 -
1325 2993 1585 3030 ἀθανάτων
1604 3015 1647 3020 -
1670 2996 1762 3029 ι’σα·
