1847 3277
104 88 187 128 264

272 192 321 235 ἐν
351 191 397 235 δὲ
425 189 535 260 γόνυ
562 189 778 260 γνάμψεν·
810 191 879 234 ἐπὶ
910 190 956 232 δὲ
985 190 1114 244 χθονὶ
1142 190 1366 234 κάππεσον
1396 192 1528 247 ἄμφω

270 248 449 319 πλησίοι
482 245 724 303 ἀλλήλοισι,
759 247 1011 319 μιάνθησαν
1044 247 1090 289 δὲ
1118 248 1256 317 κονίῃ.

275 306 347 347 καί
376 302 431 346 νύ
460 319 508 346 κε
536 305 734 373 τοτρίτον
765 300 886 353 αὖτις
918 300 1143 352 ἀναΐξαντ’
1172 302 1397 354 ἐπάλαιον,

276 362 314 403 εἰ
342 359 399 416 μὴ
422 358 635 416 Ἀχιλλεύς
665 357 797 409 αὐτὸς
825 357 1052 413 ἀνίστατο,
1081 359 1156 401 καὶ
1183 359 1410 414 κατέρυκε·

363 427 562 498 ,,Μηκέτ’
594 427 867 480 ἐρείδεσθον,
904 425 1011 479 μηδὲ
1039 428 1248 496 τρίβεσθε
1268 431 1464 469 κακοῖσι·

866 479 1021 524 ἀέθλια
1055 481 1097 524 δ’
1131 481 1190 525 ι’σ’
1223 479 1447 534 ἀνελόντες

280 537 466 597 ἔρχεσθ’,
500 539 618 594 ὄφρα
649 538 724 581 καὶ
752 537 877 581 ἄλλοι
906 537 1174 581 ἀεθλεύωσιν
1201 537 1419 594 'Axoctzoc'l‘⁶

645 607 688 649 οἱ
717 604 759 648 δ’
792 603 878 658 α’ρα
900 609 981 648 τοῦ
1011 605 1125 660 μάλα
1154 623 1232 660 μεν
1261 605 1411 658 κλύον,
1441 605 1518 664 ἠδ’
1547 605 1793 661 ἐπίθοντο,

282 667 357 708 καί
390 663 432 720 ῥ’
463 662 804 720 ἀπομορξαμένω
835 664 990 718 κονίην
1020 662 1209 706 δύσαντο
1238 666 1437 718 χιτῶνας.

597 757 832 800 proponuntur
855 765 971 788 cursus
994 753 1157 799 praemia.

164 432 248 475 735
279 485 378 540 νίκη
409 482 454 526 δ’
483 483 808 554 ἀμφοτέροισιν.

346 608 426 658 ’.Ως
455 606 612 659 ἔφαθ’·

171 838 254 880 740

131 1667 203 1690 rum
240 1656 402 1702 leguntur
435 1658 513 1692 881.
556 1677 600 1682 —
646 1655 693 1692 ἐν
732 1656 780 1692 δε
815 1654 937 1701 γόνυ

132 1700 371 1745 γνάμψεν,
398 1703 530 1747 inflexit
554 1709 671 1736 autem
690 1715 785 1748 genn
808 1704 939 1747 Ajacis,

133 1748 377 1782 vehementer
369 1760 402 1781 ln
421 1750 525 1793 pedes
546 1751 735 1789 constituti
762 1758 940 1794 postquam

134 1794 268 1839 paulum
291 1794 444 1828 sublatus
473 1800 563 1828 esset
592 1796 635 1828 ab
657 1795 940 1839 Π1)5εε.ιι]ἰιιιι5

136 1840 360 1893 probabiliter
383 1840 434 1873 Ε·
460 1838 552 1885 ἄρας
560 1838 696 1897 ὀλίγον
714 1842 816 1897 -τῷ
836 1841 944 1885 δεξιῷ

135 1885 266 1930 γόνατι
296 1887 500 1940 περιτρίβει
528 1885 569 1922 τὸ
597 1886 789 1931 ἀριστερὸν
812 1887 947 1928 σκέλος,

137 1932 251 1975 Ajacis
270 1938 364 1975 puta.
397 1933 446 1966 sic
465 1938 577 1966 tamen
602 1940 638 1967 et
655 1934 712 1968 alii
732 1934 858 1967 Scholl.

138 1984 247 2011 terum
269 1979 333 2011 hoc
351 1990 461 2021 genus
478 1978 673 2013 luctationis
689 1978 948 2023 μεταπλασμόν

141 2024 196 2103 gel
214 2024 534 2102 ιπαρακαταγωγὴν
559 2026 765 2071 appellatum
784 2037 859 2060 esse
879 2032 952 2060 tra-

167 2081 209 2103 un

187 2116 266 2150 735.
299 2116 428 2149 Scholl
454 2117 482 2149 B
512 2120 548 2150 et
571 2115 682 2150 Vict.·
706 2114 828 2160 μηδε
852 2131 954 2162 τρι-

143 2163 192 2207 βε
204 2163 260 2195 σθ
273 2173 288 2196 ε
334 2175 448 2197 uano
461 2166 476 2196 ῖ
487 2162 648 2205 σι.μὴ
684 2166 954 2199 καταπονεῖσθε

143 2208 341 2247 κακοῦντες
363 2207 531 2248 ἑαυτούς.
569 2209 685 2243 Latini
711 2221 845 2255 quoque
864 2210 955 2254 figu-

145 2261 220 2288 rate
241 2253 362 2287 dicunt
385 2261 544 2289 atterere.

192 2301 271 2334 738.
319 2297 365 2343 η’,
390 2302 478 2342 379,
504 2299 539 2341 ι’,
565 2301 609 2335 79
629 2306 694 2333 etc.

191 2346 314 2380 741-
325 2348 404 2380 751.
449 2346 610 2389 μέτρα.
642 2347 723 2382 268.
760 2366 804 2372 -
839 2343 955 2389 χάν-

148 2393 306 2428 δανεν.
349 2393 452 2425 semel
480 2393 578 2426 dixit.
636 2392 725 2426 idem
748 2398 802 2425 est
833 2391 956 2437 χάζειν

149 2438 224 2472 sive
244 2439 394 2481 χαίνειν.
412 2457 456 2462 ——
481 2437 642 2480 ἐνίκα,
666 2439 835 2481 vincebat,
853 2450 956 2494 prae-

150 2485 277 2518 stabat.
309 2483 485 2518 Sch011.ss
510 2488 545 2517 et
567 2485 679 2517 Victa
714 2483 828 2519 ἐνίκα.
870 2497 959 2525 τους

153 2528 287 2570 ἄλλους
311 2528 484 2573 δηλονότι
507 2530 702 2573 κρατῆρας.
735 2551 776 2555 -
813 2532 899 2565 Σίδ
912 2544 959 2565 ο·

153 2588 227 2616 νες
259 2576 368 2621 prima
391 2576 508 2617 brevi,
543 2587 666 2620 quam,
691 2576 756 2610 arsi
779 2577 959 2619 sublatam,

155 2621 349 2667 producunt
372 2624 480 2657 verba
502 2623 688 2662 Σιδῶνος,
721 2624 901 2665 Σιδονίην
926 2630 962 2656 et,

154 2668 276 2702 similia
309 2668 435 2712 Odyss.
463 2666 506 2710 o',
540 2667 627 2709 424,
661 2666 706 2709 ν’,
731 2670 819 2710 285,
853 2669 892 2702 ll.
919 2667 962 2711 ζ’,

155 2716 224 2749 290
247 2720 312 2747 etc.
359 2715 512 2755 „recitat
542 2725 661 2747 versus
687 2716 764 2748 742.
790 2716 823 2749 3.
859 2721 895 2748 et
928 2715 963 2748 4.

157 2760 282 2793 Strabo
309 2762 338 2795 1.
366 2772 398 2804 p.
420 2763 464 2796 70
486 2763 547 2801 A.‚
573 2760 630 2794 ubi
658 2760 731 2803 agit
752 2760 794 2794 de
822 2759 962 2794 Homeri

158 2806 280 2839 notitia
295 2817 405 2839 rerum
423 2818 548 2851 geogro
532 2806 747 2851 013111icarum
774 2804 963 2850 iterumque

160 2853 243 2885 haec
270 2851 407 2895 respicit
426 2852 478 2886 16.
509 2863 541 2896 p.
574 2853 662 2886 1098
690 2852 727 2885 Β.
743 2877 753 2892 ,
791 2864 859 2900 quo
887 2852 963 2906 loeo

161 2897 374 2933 Sidoniorum
404 2898 590 2933 sollertiam
611 2897 809 2943 praedicat,
844 2909 865 2932 a
888 2897 964 2943 qui-

726 83 1128 122 ΟΜΗΡΟῬ
1765 86 1777 112 1

370 833 586 902 Πηλείδης
614 831 656 876 δ’
687 830 784 884 αἶψ’
817 831 925 876 ἄλλα
958 833 1070 875 τίθει
1100 836 1336 905 ταχυτῆτος
1366 833 1514 882 αεθλα,

286 889 504 958 ἀργύρεον
533 893 728 961 κρητῆρα
757 889 1035 944 τετυγμένον·
1066 889 1111 940 ’ἐξ
1142 888 1188 932 δ’
1217 889 1301 942 ἄρα
1329 907 1464 952 μετρα

285 945 522 1016 χάνδανεν,
554 945 693 998 αὐτὰρ
725 945 871 989 κάλλει
901 945 1022 988 ἐνίκα
1051 950 1198 989 πᾶσαν
1228 945 1294 988 ἐπ’
1328 951 1431 989 αἰαν

286 1002 470 1052 πολλόν,
501 1002 590 1045 ἐπεὶ
603 1002 805 1072 Σιδόνες
832 1003 1150 1045 πολυδαίδαλοι
1180 999 1229 1045 εὖ
1257 1002 1467 1071 ἤσκησαν,
1528 1026 1531 1027 ’

290 1060 491 1109 Φοίνικες
522 1057 565 1101 δ’
597 1059 707 1113 άγον
736 1057 894 1112 ἄνδρες
922 1056 993 1100 ἐπ’
1023 1057 1244 1114 ἠεροειδέα
1274 1059 1451 1111 πόντον,

176 1117 259 1161 745
290 1119 452 1174 στῆσαν
482 1113 525 1158 δ’
558 1115 606 1159 ἐν
635 1116 874 1170 λιμένεσσι,
908 1114 1072 1158 Θόαντι
1101 1116 1147 1158 δε
1177 1118 1324 1168 δῶρον
1355 1116 1546 1160 ἔδωκαν·

290 1189 387 1222 υιος
418 1171 464 1214 δὲ
494 1171 717 1224 Πριάμοιο
740 1171 972 1221 Λυκάονος
1002 1173 1118 1214 ὠνον
1143 1172 1274 1215 ἔδωκε

295 1227 537 1298 Πατρόκλῳ
565 1228 679 1282 ἥρωϊ
703 1227 949 1297 Ἰησονίδης
969 1227 1167 1284 Εὔνηος

291 1287 366 1328 καὶ
395 1284 469 1328 τὸν
496 1283 706 1339 Ἀχιλλεὺς
734 1289 872 1338 θῆκεν
901 1282 1081 1326 ἀέθλιον
1112 1285 1166 1326 οὐ
1201 1282 1390 1336 ἑτάροιο,

286 1340 412 1391 ὅστις
441 1340 735 1404 ἐλαφρότατος
765 1339 894 1382 ποσσὶ
925 1345 1177 1393 κραιπνοῖσι
1205 1340 1404 1382 πέλοιτο·

181 1401 266 1442 750
296 1397 481 1466 δευτέρῳ
514 1401 568 1439 αὐ
598 1401 710 1452 βοῦν
736 1400 843 1451 θῆκε
872 1396 1009 1450 μέγαν
1037 1396 1107 1439 καὶ
1139 1397 1273 1438 πίονα
1303 1398 1448 1452 δημῷ·

296 1451 587 1523 ημιτάλαντον
620 1453 665 1496 δὲ
694 1454 860 1508 χρυσοῦ
889 1451 1084 1524 λοισθζὶῗ
1116 1453 1257 1508 ε’θηκε

298 1514 376 1566 στῆ
408 1509 451 1553 δ’
481 1508 646 1564 ὀρθὸς,
675 1510 749 1552 καὶ
781 1513 928 1565 μῦθον
957 1507 1003 1552 ἐν
1029 1508 1286 1565 Ἀργείοισιν
1313 1507 1474 1552 ἐ’·ειπεν

983 1657 1050 1690 bus
1069 1661 1104 1689 et
1127 1667 1241 1689 earum
1271 1655 1466 1690 mulieribus
1495 1654 1668 1690 fabricata
1687 1650 1794 1701 op‘era
1845 1674 1847 1686 ·

985 1702 1172 1736 Phoenices
1192 1703 1351 1736 Lemnum
1370 1708 1406 1736 et.
1423 1702 1457 1735 in
1477 1702 1561 1736 alias
1576 1703 1704 1746 Aegaei
1723 1713 1794 1735 ma-

986 1748 1035 1782 ris
1059 1749 1186 1781 insulas
1206 1749 1473 1792 exp01·tabant.“
1495 1749 1548 1781 Ex
1567 1749 1614 1782 H.
1639 1768 1683 1773 —
1706 1761 1795 1783 πο-

987 1795 1293 1828 λυδαίδαλοι.
1329 1792 1372 1838 γ’,
1399 1795 1484 1834 132,
1517 1795 1646 1838 odyss.
1673 1792 1713 1836 ζ’,
1741 1796 1795 1830 15.

991 1845 1026 1874 et
1051 1840 1136 1874 alias
1161 1840 1336 1893 epitheton
1363 1840 1426 1872 hoc
1451 1845 1504 1873 est
1527 1852 1638 1875 rerum
1664 1841 1798 1875 affabre

989 1887 1178 1926 factarum,
1205 1886 1255 1919 uti
1280 1891 1315 1919 et
1339 1887 1516 1926 δαίδαλος
1536 1892 1572 1920 et
1592 1886 1797 1928 δαιδάλεος.

992 1932 1170 1976 quominus
1195 1938 1307 1965 tamen
1330 1944 1490 1977 ponamus
1511 1935 1798 1976 πολυδαίδαλον,

991 1977 1155 2022 prohibet
1179 1989 1245 2011 vox
1270 1990 1333 2018 ευ,
1360 1984 1430 2011 tum
1449 1978 1563 2012 futura
1589 1991 1799 2035 supervaca-

997 2035 1073 2057 nea.
1115 2046 1161 2050 —
1202 2023 1473 2067 ἠεροειδέα.
1526 2027 1616 2069 Ap.=
1649 2025 1799 2068 μέλανα.

998 2071 1117 2103 Voss.:
1143 2071 1226 2103 aber
1243 2071 1438 2112 Jijnikische
1460 2071 1623 2112 Μᾶπηεν,
1649 2074 1718 2113 auf
1735 2072 1801 2106 fin-

998 2121 1113 2149 steten
1147 2128 1269 2160 wogen
1303 2117 1363 2150 itm
1395 2117 1584 2161 bringend,
1625 2118 1737 2151 Buten
1767 2119 1805 2152 in

1000 2162 1106 2204 hasen
1140 2163 1201 2203 ihqz
1226 2163 1306 2204 scil.
1349 2163 1394 2195 cf.
1421 2163 1548 2207 Odyss.
1572 2161 1620 2209 β’,
1643 2165 1712 2199 263
1736 2169 1804 2200 etc.

999 2207 1091 2251 ηέρα
1125 2209 1246 2250 passim
1271 2207 1356 2240 dicit
1379 2207 1567 2252 caliginem.
1603 2227 1646 2233 —
1678 2210 1806 2244 sehon.

1001 2254 1031 2287 Β
1056 2260 1091 2288 et
1115 2253 1225 2287 Vict.:
1261 2254 1454 2296 στῆσαν.
1490 2253 1572 2290 ἀντὶ
1595 2256 1667 2290 τοῦ
1692 2266 1807 2300 προσ·

1002 2311 1187 2355 ωρμισαν,
1221 2313 1270 2340 ως
1295 2299 1357 2335 τό·
1393 2301 1573 2344 στῆσαν
1597 2298 1635 2336 δ’
1659 2300 1706 2337 ἐν
1731 2303 1808 2337 Αἰ·

1001 2359 1159 2390 γυπτῳ
1183 2346 1389 2404 ποταμῷ.
1423 2347 1810 2391 d1cunt11110dyssg',

1001 2395 1105 2427 258.-
1130 2393 1244 2436 στῆσα
1270 2391 1303 2427 δ
1325 2391 1364 2427 ἐν
1387 2394 1558 2435 Αἰγύπτῳ
1582 2407 1620 2428 π.
1639 2393 1725 2434 νέας
1741 2393 1811 2437 ἀμ-

1004 2440 1205 2482 φιελίσσας,
1230 2440 1289 2483 qui
1313 2450 1434 2472 versus
1452 2440 1597 2473 habetur
1614 2441 1716 2474 etiam
1736 2443 1810 2485 ejus

1005 2485 1164 2518 carminis
1191 2486 1264 2525 17.
1287 2497 1350 2519 nec
1374 2485 1497 2519 desunt
1520 2485 1595 2519 loca
1619 2486 1752 2526 similia,
1776 2486 1810 2520 in

1007 2531 1128 2576 quibus
1151 2510 1279 2573 legitu⁹r
1303 2532 1432 2575 στῆσαι
1447 2531 1512 2565 νέα
1527 2531 1583 2565 vel
1600 2531 1695 2570 νέας.
1724 2532 1813 2566 dixit

1005 2583 1118 2610 tamen
1133 2576 1167 2609 id
1183 2580 1284 2620 poeta
1302 2578 1403 2612 etiam
1416 2579 1543 2620 στῆσαι
1557 2588 1619 2621 per
1634 2589 1671 2610 se
1683 2578 1812 2622 Odyss.

1006 2621 1174 2664 τ’,188.ε
1203 2625 1309 2666 στῆσε
1334 2623 1374 2659 6’
1397 2622 1436 2659 ἐν
1456 2622 1617 2677 Ἀμνισῷ,
1634 2643 1680 2649 -—-
1703 2622 1742 2658 ἐν
1761 2627 1815 2658 λι-

1008 2668 1110 2712 μέσιν
1135 2672 1342 2712 χαλεποῖσι,
1369 2681 1430 2713 per
1454 2669 1561 2714 ellips‘
1554 2681 1599 2711 in,
1625 2675 1718 2723 puto,
1741 2670 1815 2713 ejus

1009 2715 1162 2749 nominis.
1187 2735 1233 2740 —
1269 2717 1311 2750 de
1337 2717 1512 2756 '‚1'lwontc
1541 2717 1597 2759 qui
1627 2715 1662 2748 in
1688 2716 1815 2749 Lemno

1009 2761 1188 2804 regnavit,
1214 2765 1249 2795 et
1278 2763 1412 2801 Ennea,
1443 2766 1568 2805 nepote
1592 2762 1666 2815 ejus
1693 2773 1734 2794 ex
1762 2761 1818 2795 la-

1009 2819 1110 2847 sone,
1135 2820 1165 2840 v
1193 2807 1234 2848 ξ,
1258 2809 1360 2849 2³30,
1386 2787 1428 2840 ‹l’e
1453 2807 1609 2850 Lycaone
1627 2805 1678 2851 φ’,
1697 2808 1754 2842 35.
1772 2826 1816 2832 --

1011 2848 1144 2888 ὦνον.
1179 2852 1231 2895 φ’,
1257 2854 1312 2888 41.
1337 2871 1381 2879 —-
1406 2851 1581 2897 λοισθή
1593 2858 1650 2888 ϊα.
1677 2853 1756 2888 536.
1773 2871 1816 2878 -

1010 2906 1228 2945 comparatur
1253 2899 1350 2944 Virg.
1378 2901 1417 2934 A.
1442 2900 1486 2941 5,
1510 2900 1633 2935 286-
1646 2899 1725 2936 314.
