1847 3277
200 179 281 218 13⁰

840 177 1238 219 ΟΜΗΡΟΥ

365 285 541 335 ποίεον,
573 282 693 339 ὄφρα
721 285 771 327 τό
802 289 948 356 κῆτος
959 285 1316 356 ὑπεκπροφυγών
1350 284 1546 339 ἀλέοιτο,

365 340 526 384 ὁππότε
556 341 635 395 μὲν
667 341 840 384 σεύαιτο
871 340 948 384 ἀπ’
973 341 1132 412 ἠϊόνος
1159 345 1372 386 πεδίονδε

364 396 474 440 ἔνθα
506 397 761 440 Ποσειδάων
790 395 879 440 κατ’
911 397 982 451 αρ’
1016 397 1149 450 εζετο,
1180 400 1254 442 καὶ
1282 399 1382 442 θεοὶ
1411 397 1561 450 ἄλλοι,

254 454 334 497 150
363 461 380 480 *
391 452 529 525 Ηᾶμφὶ
555 452 594 496 δ’
627 452 698 506 ἄρ’
731 453 950 509 ἄρρηκτον
982 455 1169 525 νεφέλην
1198 453 1382 507 ω’μοισιν
1412 454 1591 498 ἕσαντο·

361 511 404 553 οἱ
436 509 477 553 δ’
510 510 689 562 ἑτέρωσε
717 510 900 563 κάθιζον
930 510 992 553 ἐπ’
1022 511 1188 566 ὀφρύσι
1218 511 1574 568 Καλλικολώνης,

366 565 476 635 ἀμφὶ
507 567 571 609 σὲ.
602 565 676 636 ἤϊε
700 569 853 636 Φοῖβε,
885 567 958 610 καὶ
975 566 1116 623 ’Ἀρηα
1146 571 1461 622 πτολίπορθον.

360 621 419 672 ὡς
453 623 496 664 οἵ
524 620 607 690 μέν,
634 620 676 675 ῥ’
709 621 914 676 εκάτερθε
941 626 1149 667 καθείατο
1180 624 1442 694 μητιόωντες

361 677 549 747 βουλὰς,
579 676 812 746 ἀρχέμεναι
842 681 887 722 δὲ
919 681 1175 734 δυσηλεγέος
1205 680 1416 734 πολέμοιο

249 736 328 778 155
361 733 528 777 (ὄκνεον
562 733 828 790 ἀμφότεροι,
859 737 971 787 Ζεύς
1001 736 1046 780 δ’
1075 736 1238 793 ἥμενος
1267 737 1349 789 ὕψι
1379 737 1538 780 κέλευε·

187 844 344 890 λαγόνας
363 845 587 889 διέφθειρεν.
612 847 653 891 (3
671 847 746 881 dies
766 860 838 882 eum
855 848 890 881 in
907 860 994 882 ven-

187 896 242 925 tre
273 893 408 925 belluae
446 894 608 926 mansisse
649 900 767 927 narrat
798 895 904 928 bonus
940 895 993 928 vir

187 938 322 971 'Izetza
347 950 424 971 ann.
450 938 492 972 ad
519 940 692 983 Lycophr.
718 939 798 995 34.‚
822 952 991 997 graecum

185 983 281 1016 nobis
313 983 430 1017 Jonam
473 984 698 1028 propinans.)
741 983 760 1020 6
797 984 836 1021 δε
872 990 990 1030 Λαομ.

184 1025 398 1072 ὑπαλλάξας
429 1029 604 1086 θνητούς
648 1032 801 1066 δίδωσιν
845 1032 990 1073 ἵππους.

182 1074 320 1118 μαθων
361 1074 436 1111 δὲ
450 1078 514 1117 Ηρ.
550 1076 786 1119 ἐστράτευσε,
820 1092 850 1112 κ
874 1077 991 1113 Ἴλιον

183 1120 380 1178 ἐπόρθησε,
405 1135 436 1155 κ.
461 1120 581 1162 οὕτως
606 1122 710 1169 «ἔλαβε
734 1122 820 1165 τούς
841 1125 990 1165 ἵππους.

182 1164 205 1211 ἡ
232 1168 377 1210 ἱστορία
401 1169 505 1212 παρὰ
523 1167 732 1215 Ελλανίκῳ.
773 1171 825 1214 (v.
852 1171 886 1203 H
911 1183 990 1204 ann.

181 1213 226 1246 ad
253 1214 410 1258 Apollod.
433 1215 455 1248 l.
480 1227 507 1248 c.
520 1216 673 1256 ‚Sturz.
701 1228 776 1250 ann.
804 1216 847 1250 ad
872 1217 988 1250 Hella·

180 1259 249 1293 nici
278 1261 398 1304 fragm.
435 1261 511 1295 137.
544 1268 685 1295 narrant
715 1263 804 1295 hunc
838 1263 988 1305 mythum

180 1305 283 1339 etiam
319 1306 441 1339 Veneti
474 1306 712 1345 Scholiastae,
752 1314 787 1341 et
819 1309 986 1362 breviter,

179 1356 219 1384 ut
242 1352 340 1386 Hom.
363 1352 449 1408 ipse,
477 1353 517 1385 E.
561 1353 680 1388 ἰστέον
704 1351 756 1393 δε,
781 1353 902 1398 inquit,
929 1350 986 1388 ὅτι

177 1398 318 1439 παίζων
361 1396 380 1432 ὁ
402 1396 577 1453 ποιητής
602 1398 812 1454 ’Ἄρχιππος
834 1400 886 1439 εἰς
919 1397 985 1434 τὸν

177 1442 273 1478 κατὰ
305 1441 372 1487 τὴν
402 1440 577 1497 Ησιόνην
608 1448 757 1487 μῦθον,
792 1458 832 1485 ος
866 1444 984 1490 αὐτὴν

177 1490 294 1546 βοράν
317 1491 369 1535 τῷ
391 1488 489 1544 κήτει
511 1489 709 1534 ἐκτίθεται,
733 1491 883 1526 πλαττει
903 1494 983 1526 Με-

176 1534 336 1571 λάνθιον
357 1534 424 1570 τὸν
445 1537 634 1593 2-9011906611
657 1539 703 1582 [.v
720 1537 891 1583 Aristoph.
905 1539 981 1572 Pac.

176 1584 246 1619 766
265 1582 346 1626 etc.]
383 1580 421 1615 έν
444 1596 516 1618 τιιι
541 1582 659 1618 αὐτοῦ
685 1584 843 1627 δράματι
869 1585 983 1628 δεθῆ-

174 1641 259 1670 ναι,
295 1641 329 1662 κ.
354 1626 453 1663 ου’τω
486 1632 742 1672 παραδίδωσιν
765 1628 881 1666 αὐτὸν
905 1634 984 1672 τοῖς

175 1673 326 1728 ἰχθύσιν
356 1673 742 1729 αντιβρωθησόμενον.
779 1678 826 1721 ἠν
859 1675 929 1721 γὰρ
962 1675 981 1712 6

174 1720 271 1764 ἀνὴρ
295 1718 504 1766 ὀψοφάγος,
528 1722 621 1757 κατὰ
643 1724 896 1767 ἰχθυοφαγίαν
917 1725 981 1768 δη-

172 1766 266 1810 λαδὴ
292 1773 358 1802 etc.
380 1785 422 1792 —
470 1768 540 1809 ,τὸ
563 1771 716 1813 κῆτος,
741 1775 859 1802 notam
882 1771 981 1803 illam

173 1814 332 1848 belluam.
370 1818 491 1848 notant
515 1826 588 1849 eam
613 1816 679 1849 vim
704 1816 841 1849 articuli
865 1815 980 1849 Schol

172 1862 201 1894 A
234 1864 270 1893 et
303 1858 393 1892 Plut.
419 1860 562 1900 Quaest.
596 1862 686 1895 Plat.
718 1873 753 1906 p.
788 1864 877 1897 1010
904 1863 946 1895 D.
957 1864 980 1881 ‘⁶

171 1906 226 1938 Ez-
247 1906 294 1938 H.
330 1906 375 1939 cf.
392 1916 469 1939 anu.
489 1905 599 1945 add,
625 1910 679 1942 11.
693 1927 735 1932 —
773 1905 981 1944 ἀλέοιτο.

170 1951 319 1995 (Odyss.
346 1949 390 1992 6',
407 1953 486 1987 396.
523 1954 568 1987 cf.
595 1954 634 1988 Il.
658 1952 701 1998 γ’,
723 1955 781 1995 32,
804 1955 874 1989 360
894 1957 978 1997 etc.)

170 1996 340 2039 ἐκκλίνοι,
363 1997 578 2041 φυλάξοιτο.

217 2043 294 2080 148.
325 2056 392 2086 μεν
415 2043 569 2079 dedimus
594 2051 734 2080 auctore
756 2043 824 2077 Η
814 2056 849 2078 ιιι
874 2056 980 2079 anno-

169 2089 252 2123 tatis
276 2090 320 2123 ad
345 2091 379 2123 h.
405 2089 448 2132 1.,
475 2091 532 2135 qui
556 2091 591 2125 id
615 2092 742 2136 legisse
765 2090 852 2124 vidit
872 2091 979 2124 Pseu-

168 2135 384 2190 dodidymum
399 2160 410 2177 ,
448 2148 520 2170 cum
562 2137 709 2173 σεύαιτο
746 2136 820 2170 sive
861 2137 976 2181 potius

167 2179 321 2222 σεύατο,
348 2182 437 2227 quod
463 2182 566 2217 habet
587 2184 707 2225 Vatic„
730 2183 781 2216 ita
804 2182 975 2227 interpre—

167 2231 285 2261 tetur:
329 2229 557 2273 κατεπείγετο
593 2210 828 2272 διωκόμενος.
871 2229 973 2262 libri:

167 2269 308 2308 ὁππότε
338 2287 403 2330 μιν
427 2281 494 2308 etc.
507 2300 518 2316 ‚
552 2288 651 2320 quam
680 2276 799 2310 itidem
832 2275 973 2308 eluimus

165 2320 328 2353 maculam
352 2319 408 2361 α’,
433 2320 525 2364 427,
548 2321 594 2368 β’,
617 2323 697 2357 703.
721 2326 756 2355 et
778 2320 827 2377 μ,
851 2322 908 2377 67.
927 2340 972 2345 —

165 2364 209 2399 de
232 2367 338 2400 verbo
363 2364 511 2402 σεύαιτο
546 2380 579 2402 v.
607 2370 684 2404 189.
714 2387 760 2392 —-
791 2365 972 2412 ἠϊόνος·

163 2409 219 2456 β’,
243 2413 290 2447 92
311 2417 379 2446 etc.
413 2413 549 2457 quando
583 2419 695 2448 cetum
718 2414 854 2458 fugiens
878 2414 970 2447 Her-

164 2457 259 2491 cules
282 2467 318 2491 se
340 2459 532 2502 proriperet
553 2471 576 2493 a
601 2461 714 2494 littore
738 2461 773 2493 in
799 2470 966 2504 campum.

211 2504 290 2537 150.
327 2514 448 2538 vereor
478 2516 521 2538 ne
551 2506 766 2540 scribendum
800 2506 846 2540 sit
869 2505 969 2562 ἀμφὶ

163 2545 204 2582 δε
229 2546 426 2594 όὶρρηκτον.
471 2556 564 2584 certe
587 2551 819 2609 κακόφωνον
834 2558 888 2586 est
912 2549 969 2594 ἄρ’

162 2592 369 2639 ἅῤῥηκτον,
399 2599 578 2641 ortumque
601 2599 740 2632 videtur
764 2596 819 2640 ἄρ’
846 2610 887 2632 ex
913 2611 969 2632 se-

161 2647 290 2685 quente
329 2642 473 2687 syllaba·
517 2649 696 2687 praeterea
732 2644 829 2679 elisio
863 2655 970 2689 saepe

161 2691 275 2720 cessat
307 2699 363 2732 ap.
397 2688 592 2722 Homerum.
627 2710 670 2715 —
717 2689 970 2747 ἄρ’ρηκτον.

161 2732 246 2766 mire
278 2732 379 2768 Sch.·
411 2732 609 2776 ἄπρακτον.
659 2736 850 2771 scribamus
882 2734 970 2771 οἷπέ-

159 2789 318 2820 ραστον,
358 2780 653 2824 impenetrabilem
677 2784 811 2817 nubem.
851 2783 897 2817 cf.
921 2782 968 2830 β’,

158 2824 248 2862 490,
274 2824 327 2866 ν’,
350 2827 394 2861 37
415 2832 483 2860 etc.

204 2872 267 2904 151
284 2890 325 2895 —
342 2872 419 2906 153.
451 2870 670 2917 ὀφρύσιν.
703 2873 870 2919 ἐξοχαῖς,
902 2887 966 2918 με-

156 2917 379 2959 ταφορικῶς.
406 2917 560 2953 similiter
573 2919 672 2953 Maro
685 2921 818 2975 Georg.
841 2923 963 2962 1,108.

156 2961 244 2995 dixit
261 2964 477 3019 supercilium
495 2966 613 2999 clivosi
629 2967 791 3000 tramitis.
808 2966 837 3010 χ’
839 2992 850 3009 ,
863 2967 963 3002 411..

147 3003 256 3049 Ἴλιος
278 3007 500 3053 ὀφρυόεσσα.
546 3012 588 3045 cf.
615 3012 647 3046 H
680 3018 716 3047 et
747 3014 896 3058 interpp.
919 3033 962 3039 -—-

1039 846 1124 891 ἤϊε.
1150 847 1182 885 o'
1191 874 1202 891 ,
1225 851 1303 885 365.
1321 868 1366 875 —
1390 848 1490 881 Sch..
1482 860 1490 868 ·
1514 845 1760 890 ἑκάτερθε.
1782 846 1845 891 (γ’,

1039 896 1126 936 340,
1151 893 1202 938 λ’,
1226 897 1270 930 27
1292 895 1378 938 etc.)
1405 892 1688 938 κεχωρισμένως.
1733 896 1845 928 καθ-

1040 944 1184 977 είατο.
1211 941 1280 985 (λ’,
1305 943 1381 984 76.)
1407 941 1637 982 ἐκαθέζοντο.
1684 939 1844 983 μητιό-

1039 1000 1192 1028 (οντες.
1217 985 1266 1031 (κ
1280 1013 1290 1027 ,
1314 987 1359 1021 45
1380 987 1464 1030 etc.)
1489 983 1764 1032 βουλευόμενοι.

1087 1034 1164 1068 154.
1199 1033 1500 1077 δυσηλεγέος.
1529 1043 1654 1084 parum
1673 1036 1768 1065 certa
1790 1036 1844 1065 est

1036 1079 1242 1134 significatio
1266 1081 1366 1123 hujus
1391 1080 1507 1120 verbi,
1534 1078 1625 1123 quod
1645 1077 1769 1110 iterum
1793 1076 1844 1110 le-

1036 1126 1130 1169 gitur
1153 1127 1188 1159 in
1212 1125 1415 1180 Odysseaz
1427 1126 1556 1166 ,3Ξ.5,
1582 1123 1640 1156 ubi
1664 1123 1752 1155 dixit
1768 1121 1844 1157 θοὶ-

1034 1184 1150 1205 νατον
1193 1169 1401 1216 δυσηλεγέα.
1452 1170 1673 1204 Aristarchus
1708 1169 1844 1226 quidem

1034 1224 1178 1251 auctore
1203 1220 1267 1262 Ap.
1291 1217 1326 1249 id
1350 1217 1545 1272 exponebat
1574 1216 1843 1259 κακοκοίμητον

1034 1263 1089 1296 vel
1112 1265 1434 1306 μακροκοίμητον,
1465 1260 1540 1297 ἀπό
1567 1262 1637 1295 τοῦ
1660 1260 1847 1309 λέγεσθαι,

1034 1321 1055 1340 α
1081 1310 1254 1351 cubando,
1286 1308 1376 1353 quod
1407 1307 1463 1341 vel
1492 1306 1687 1350 οἷλέγεσθαι
1709 1317 1847 1352 quoque!

1032 1354 1158 1388 dictum
1190 1366 1266 1388 esse
1297 1353 1497 1400 putaverit,
1529 1353 1585 1387 vel
1614 1366 1637 1397 η
1662 1350 1847 1394 insertum‚l

1031 1401 1127 1444 cujus
1151 1402 1287 1445 generis
1307 1401 1413 1433 verba
1435 1399 1601 1444 quaedam
1626 1399 1766 1443 proprie
1786 1399 1837 1432 di-

1030 1452 1099 1487 cta,
1123 1447 1183 1480 sed
1204 1447 1283 1480 item
1307 1446 1465 1479 difficilia
1485 1445 1669 1490 explicatu,
1693 1456 1836 1479 comme-

1028 1493 1308 1526 moravitButtm.
1325 1493 1431 1525 Lexil.
1443 1492 1467 1524 1.
1482 1503 1515 1535 p.
1529 1492 1607 1526 Ξ9Ξ.
1630 1502 1729 1536 quam
1741 1497 1835 1524 nota-

1027 1538 1153 1572 tionem
1167 1546 1350 1593 sequentes
1362 1537 1583 1583 probabiliter
1595 1538 1833 1582 explicabimus

1027 1582 1191 1627 πόλεμον
1204 1592 1239 1618 et
1257 1583 1427 1619 θανατον
1444 1583 1652 1627 δυσηλεγέα,
1670 1594 1736 1616 non
1755 1583 1832 1616 item

1028 1630 1172 1664 Hesiodi
1206 1631 1326 1676 (Opp.
1352 1631 1454 1674 505.)
1487 1630 1658 1684 πηγάδας
1686 1630 1831 1674 δυσηλε-

1026 1676 1108 1756 {525³
1120 1677 1506 1756 dflssaffegfflffer'ssi‘}
1509 1677 1776 1756 “5351‘2‘12‘13551‘
1777 1687 1828 1757 ‘¹¹2¹'

1028 1780 1061 1813 p
1087 1771 1162 1804 Ξο.τ
1200 1766 1267 1813 τήν
1300 1769 1441 1804 σαυτοῦ
1473 1768 1592 1812 φρένα
1620 1766 1746 1810 τέρπε,
1781 1769 1826 1802 ἰιι-

1027 1815 1121 1858 quitz
1149 1816 1391 1871 δυσηλεγέων
1398 1813 1437 1849 ὁὲ
1458 1816 1620 1850 πολιτῶν
1634 1811 1757 1855 Ἀλλος
1778 1815 1825 1855 tl·

1028 1872 1066 1895 σε
1090 1862 1224 1903 κακῶς,
1250 1861 1358 1916 ἄλλος
1377 1873 1534 1905 αμειμον
1555 1859 1638 1906 ε’ρεῖ.
1671 1872 1823 1906 quosnau

1027 1918 1103 1941 esse
1125 1908 1276 1941 dicemus
1295 1909 1388 1942 cives
1408 1907 1650 1962 δυσηλεγέαςῖ
1675 1919 1751 1941 num
1769 1920 1821 1942 κα

1025 1954 1270 1998 κοκοιμήτους
1305 1955 1359 1988 vel
1388 1952 1737 2010 μακροκοιμήτους.)
1768 1954 1820 1988 mi-

1026 1999 1126 2041 nime,
1151 2001 1212 2034 sed
1233 2002 1521 2042 innumerabiles,
1545 2002 1588 2034 ab
1614 1998 1741 2044 αλέγω,
1766 2012 1819 2034 nu

1024 2056 1136 2087 mero,
1162 2047 1218 2080 vel
1240 2047 1342 2080 nihili
1364 2047 1618 2088 aestimandos,
1650 2047 1694 2080 ab
1716 2046 1818 2080 eoden

1023 2092 1141 2134 verbo,
1167 2092 1201 2126 in
1225 2104 1293 2137 quo
1313 2097 1349 2126 et
1364 2093 1547 2126 reverendi
1567 2099 1672 2137 atque
1687 2093 1815 2126 curand

1022 2137 1114 2170 inest
1134 2119 1241 2173 botio.
1282 2138 1418 2183 passivo
1441 2139 1507 2173 ista
1531 2138 1731 2192 significatu
1755 2139 1808 2183 eju

1019 2183 1139 2224 verbi,
1172 2185 1234 2217 sed
1258 2185 1391 2227 activo,
1416 2185 1449 2218 ni
1473 2185 1596 2226 fallor,
1630 2184 1725 2218 dicta
1746 2195 1811 2218 sun

1018 2227 1179 2272 πόλεμος
1208 2235 1244 2264 et
1265 2229 1436 2271 θάνατος
1455 2229 1678 2275 δυσηλεγῆς,
1703 2231 1819 2264 bellun

1019 2279 1053 2307 et
1076 2286 1166 2309 mors
1189 2277 1282 2310 male
1301 2289 1426 2311 curans
1443 2279 1636 2321 nulliusque
1658 2277 1817 2314 rationerj

1018 2321 1164 2363 habens,
1189 2323 1252 2356 sed
1276 2322 1386 2356 omnia
1406 2323 1599 2379 promiscue
1622 2322 1758 2366 rapiens
1784 2315 1817 2357 a*

1017 2367 1176 2412 perdens.
1221 2380 1287 2413 quo
1311 2380 1412 2403 sensu
1437 2374 1473 2404 et
1497 2367 1678 2414 απηλεγέα
1700 2367 1815 2405 θάνοι

1015 2426 1101 2455 τον,
1124 2414 1213 2447 nihil
1237 2420 1426 2458 curantem,
1452 2415 1485 2448 h.
1511 2427 1541 2450 e.
1566 2415 1806 2450 inexorabilem

1014 2465 1157 2494 mortem
1178 2459 1267 2495 dixit
1285 2461 1478 2505 Gregorius
1493 2462 1584 2496 Naz.
1604 2461 1695 2508 quod
1713 2466 1811 2497 aute:

1015 2506 1133 2540 eodem
1157 2506 1253 2540 fonte
1277 2507 1429 2540 derivari
1446 2507 1545 2549 solet,
1568 2508 1690 2541 vocab.
1713 2521 1803 2554 ταντ

1013 2551 1139 2596 λεγῆς,
1163 2552 1281 2587 itidem
1304 2553 1387 2586 illud
1411 2553 1530 2587 mortis
1553 2553 1744 2599 epitheton,
1767 2563 1810 2598 reg·

1016 2609 1099 2631 vera
1123 2599 1167 2632 ad
1185 2597 1353 2642 λέγεσθαι
1373 2610 1474 2633 sensu
1494 2598 1643 2633 cubandi
1666 2600 1809 2635 referen

1014 2644 1092 2678 dum
1118 2644 1289 2689 arbitror,
1322 2649 1358 2679 et
1380 2644 1578 2689 τανηλεγὴς
1607 2645 1732 2679 dictum
1758 2655 1805 2698 pr

1013 2687 1208 2734 τανολεγής
1239 2695 1278 2725 ut
1302 2689 1531 2748 ἐλαφηβόλος
1552 2702 1616 2736 pro
1639 2687 1805 2752 ἐλαφοβι

1013 2740 1098 2777 λος,
1128 2735 1363 2781 Ιππημολγο1
1398 2749 1461 2782 pro
1491 2735 1750 2783 Ἱππομολγοι,
1784 2751 1795 2773 4

1014 2782 1156 2825 similia,
1190 2782 1233 2816 de
1257 2783 1380 2828 quibus
1402 2796 1435 2819 v.
1461 2783 1662 2828 Apollonius
1684 2784 1802 2829 Dysct

1010 2829 1061 2863 lus
1086 2840 1157 2885 ap.
1166 2829 1262 2862 Bast.
1287 2829 1400 2885 Epist.
1426 2829 1502 2866 crit.
1533 2829 1576 2863 ad
1602 2829 1799 2876 Boisson.1'

1013 2877 1065 2910 16.
1077 2899 1088 2916 ,
1123 2871 1157 2909 o'
1165 2898 1176 2915 ‚
1201 2874 1267 2916 Ξ4,
1301 2874 1332 2910 σ’
1339 2899 1350 2917 ,
1381 2877 1472 2919 319,
1509 2872 1798 2920 Aeschy1.The}⁹

1009 2922 1098 2962 387,
1132 2920 1201 2956 455
1233 2926 1300 2954 etc.
1357 2922 1465 2956 Sch..
1510 2921 1799 2968 δυσηλεγέοι·

1010 2967 1158 3010 δεινοῦ,
1184 2968 1367 3010 χαλεποῦ,
1389 2966 1583 3003 δυσκόλου.
1844 2999 1847 3019 1

1057 3014 1134 3049 155.
1173 3012 1363 3049 κέλευεν
1403 3010 1599 3059 ἀρχέμεναι
1634 3013 1793 3060 πολέμιοι
1842 3032 1847 3065 3
