1877 3277
167 143 250 183 186
793 139 1198 181 ΟΜΗΡΟΥ

485 244 647 282 advocati
670 246 832 293 utrinque
856 252 1062 283 concurrunt
1086 248 1217 284 commi
1207 248 1341 283 'itones.

1862 238 1865 255 Ι

378 313 461 364 ’.Ως
490 311 648 370 ἔφαθ’·
689 316 732 358 οἱ
761 314 804 359 δ’
834 315 920 369 ἄρα
943 318 1124 385 πάντες,
1157 316 1234 358 ἕνα
1264 316 1395 370 φρεσὶ
1423 316 1573 372 θυμόν
1603 318 1780 374 ἔχοντες,
1861 295 1865 371 ξ

332 372 507 426 πλησίοι
535 371 741 441 ἔστησαν,
772 370 892 415 σάκε’
929 370 1086 427 ω’μοισι
1113 374 1347 422 κλίναντες.
1860 378 1865 394 ‘

332 428 511 478 Αἰνείας
541 425 582 470 δ’
614 427 827 478 ἑτερωθεν
856 413 1050 471 ἐκέκλετο
1081 431 1147 478 οῖς
1176 428 1389 482 ἑτάροισι,
1859 438 1864 475 ξ

219 486 302 529 490
332 483 562 554 Δηΐφοβόν
590 499 635 526 τε
665 484 810 538 Πάριν
839 482 877 526 τ’
913 485 1080 557 5609mv
1110 485 1184 527 καὶ
1210 484 1422 556 Ἀγήνορα
1456 486 1573 535 δῖον,
1859 477 1863 518 ῗ

331 541 378 582 οἴ
403 541 446 582 οἱ
464 538 554 610 ἅμ’
585 538 793 610 ἡγεμόνες
830 539 995 594 Τρώων
1026 540 1152 583 έ’·σαν
1203 539 1341 594 αὐτὰρ
1374 541 1518 583 ἔπειτα
1858 583 1862 605 a

329 596 429 640 λαοὶ
461 595 632 647 ἕπονθ’,
666 596 769 639 ωσεί
793 612 838 640 τε
868 597 972 651 μετά
1003 599 1151 639 κτίλον
1185 597 1336 640 ἕσπετο
1370 601 1485 651 μηλα
1857 623 1861 644 1

329 650 507 707 πιόμεν’
536 652 583 695 ἐκ
613 629 823 722 βοτάνης,
852 654 1039 723 γάνυται
1070 652 1112 696 6'
1145 651 1232 706 α’ρα
1262 669 1306 697 τε
1341 654 1483 708 φρένα
1512 652 1684 709 ποιμήν.
1857 666 1861 689 1

329 708 387 759 ὥς
415 709 571 764 Αἰνείᾳ
599 707 744 763 θυμὸς
773 709 836 752 ένὶ
867 708 1071 777 στήθεσσι
1100 710 1296 764 γεγήθει,

216 767 299 812 495
330 764 388 817 ὥς
416 766 483 809 ίδε
511 753 632 808 λαῶν
662 765 796 817 ἔθνος
828 764 1122 821 ἐπισπόμενον
1151 765 1218 809 ἑοῖ
1247 765 1379 821 αὐτῷ.

656 854 776 889 variae
800 855 973 889 variorum
999 855 1137 889 caedes.

384 933 438 975 Οἱ
467 930 509 976 δ’
541 929 656 988 ἀμφ’
686 931 911 989 Ἀλκαθόῳ
943 932 1211 988 αὐτοσχεδόν
1239 933 1509 989 ωρμήθησαν

329 994 540 1044 μακροῖσι
570 991 782 1058 ξυστοῖσι
818 991 914 1044 περὶ
946 990 1152 1060 στήθεσσι
1184 990 1230 1032 δε
1259 990 1418 1060 χαλκός

331 1045 598 1099 σμερδαλέον
627 1045 854 1117 κονάβιζε,
885 1046 1210 1101 τιτυσκομένων
1242 1045 1351 1089 καθ’
1384 1046 1542 1101 ὅμιλον

332 1100 553 1157 ἀλλήλων·
601 1101 683 1145 δύο
715 1102 760 1146 δ’
791 1102 951 1156 ἄνδρες
983 1102 1130 1174 ἀρήιοι
1160 1103 1308 1158 ἔξοχον
1339 1101 1504 1153 α’λλων,

219 1159 302 1203 500
331 1159 507 1207 Αἰνείας
536 1174 581 1201 τε
609 1159 683 1201 καὶ
709 1158 972 1229 Ἰδομενευς,
1005 1159 1241 1202 ἀτάλαντοι
1259 1159 1411 1216 Ἀρηϊ,

330 1213 435 1257 ἵεντ’
467 1214 665 1270 ἀλλήλων
690 1216 862 1285 ταμέειν
891 1217 1001 1285 χρόα
1030 1217 1152 1288 νηλέί·
1179 1220 1335 1272 χαλκῷ.

332 1272 512 1322 Αἰνείας
542 1272 589 1340 65
615 1275 789 1325 πρῶτος
819 1271 1049 1316 ἀκόντισεν
1076 1272 1347 1341 Ἰδομενῆος·

333 1325 429 1370 ἀλλ’
460 1327 483 1371 ὁ
515 1344 594 1381 μεν
623 1328 732 1371 οίντα
763 1329 872 1372 ἰδων
900 1328 1086 1385 ηλεύατο
1115 1329 1298 1398 χάλκεον
1329 1327 1472 1382 ἔγχος,

332 1383 462 1452 αἰχμή
494 1384 538 1428 δ’
573 1386 751 1427 Αἰνείαο
782 1386 1105 1442 κραδαινομένη
1136 1402 1245 1429 κατα
1275 1386 1400 1452 γαίης

219 1441 301 1485 505
331 1439 454 1495 ᾤχετ’
467 1474 478 1492 ,
511 1441 603 1483 ἐπεί
634 1441 679 1495 ῥ’
713 1441 840 1485 ἅλιον
872 1445 1079 1498 στιβαρῆς
1112 1441 1198 1486 οἷπό
1228 1440 1374 1497 χειρός
1405 1439 1604 1509 ὄρουσεν.

329 1496 569 1551 Ἰδομενευς
599 1496 638 1540 6'
672 1497 758 1552 ἄρα
792 1499 1015 1554 Οἰνόμαον
1045 1500 1146 1572 βάλε
1176 1500 1364 1571 γαστέρα
1395 1498 1580 1564 μέσσην,

331 1553 432 1623 ρῆξε
463 1555 509 1597 δε
538 1553 746 1626 θώρηκος
774 1555 964 1609 γύαλον,
997 1555 1069 1598 διὰ
1099 1556 1142 1598 δ’
1176 1556 1326 1623 ἔντερα
1356 1552 1514 1623 χαλκός

324 1609 493 1682 ἥφυσ’·
539 1610 562 1654 6
595 1610 636 1653 δ’
670 1611 716 1654 έν
746 1614 919 1681 κονίῃσι
947 1611 1092 1655 πεσών
1123 1612 1188 1655 ἕλε
1218 1617 1365 1682 γαῖαν
1381 1609 1569 1666 ἀγοστῷ.

324 1664 567 1721 Ἰδομενεὺς
600 1666 644 1710 δ’
679 1667 724 1710 ἐκ
753 1685 831 1722 μεν
860 1669 1017 1719 νέκυος
1047 1671 1322 1724 δολιχόσκιον
1353 1667 1473 1735 ἔγχος

217 1724 299 1768 510
329 1722 540 1791 ἐσπάσατ’
551 1758 560 1773 ,
592 1722 694 1767 οὐδ’
725 1723 779 1778 ἄρ
832 1724 894 1768 ἔτ’
928 1725 1039 1768 ἄλλα
1069 1725 1288 1781 δυνήσατο
1319 1722 1470 1779 τεύχεα
1499 1718 1613 1765 καλα

329 1777 489 1849 ω’μοιϊν
520 1778 785 1851 ἀφελέσθαι·
828 1782 1017 1838 ἐπείγετο
1046 1782 1130 1837 γὰρ
1143 1782 1393 1849 βελέεσσιν.

329 1834 383 1879 οὐ
412 1836 497 1892 γὰρ
530 1835 592 1880 ἔτ’
623 1837 784 1893 ἔμπεδα
812 1843 919 1894 γυῖα
948 1840 1102 1883 ποδῶν
1131 1840 1187 1895 ἠν
1219 1837 1482 1893 ὁρμηθέντι,

1017 1977 1050 2016 5.
1072 1975 1148 2018 147,
1175 1985 1252 2007 ann.
1278 1975 1300 2007 2
1325 1977 1392 2007 etc.
1421 1969 1636 2017 comparavit
1656 1968 1689 2001 K
1715 1965 1823 2011 Apoll.
1840 1939 1843 1970 ’

1015 2021 1132 2054 Rhod.
1158 2023 1200 2063 1,
1224 2017 1442 2055 575—579.
1839 2031 1841 2037 ·

1061 2077 1149 2118 497,
1176 2079 1208 2112 8.
1242 2077 1475 2117 ξυστοῖσι.
1511 2072 1557 2113 δ’,
1581 2071 1660 2106 469.
1685 2076 1842 2104 -κο-Ι

1016 2123 1194 2168 νάβιζε.
1232 2121 1393 2188 β’,466,
1418 2098 1563 2166 φ’,255
1587 2124 1653 2152 etc.

1062 2180 1149 2222 504,
1176 2181 1207 2214 5.
1240 2178 1290 2219 π’,
1316 2179 1404 2220 614,
1427 2180 1461 2214 5.
1498 2196 1541 2201 -
1587 2173 1738 2210 ἅλιον.
1773 2171 1820 2214 δ’,

160 1974 298 2027 quente.
321 1991 368 1997 —
397 1971 972 2029 8011..ἕνα--ἕχοντες.εν

159 2018 222 2053 καὶ
245 2016 286 2053 τὸ
312 2016 405 2053 αὐτὸ
433 2021 673 2062 φρονοῦντες.

205 2064 287 2098 488.
312 2064 355 2106 λ’,
380 2066 460 2100 592.

206 2110 286 2144 492.
319 2113 495 2146 κτίλον.
519 2110 564 2156 γ’,
590 2112 667 2146 196.
709 2112 971 2156 μεταφορικῶς

161 2155 369 2199 adjectivum
396 2159 516 2198 κτίλος
540 2158 714 2202 significat
741 2163 969 2199 mansuetum,

161 2203 406 2244 domesticum,
466 2211 624 2248 tanquam
672 2215 849 2237 vervecem
897 2204 970 2237 sive

162 2259 281 2289 ovem3
306 2249 585 2293 quemadmodum
605 2249 703 2282 Pind.
724 2250 827 2293 Pyth.
852 2250 886 2293 2,
908 2251 967 2284 31.

163 2293 347 2337 Cinyram,
379 2307 494 2339 regem
520 2295 630 2340 Cypri
664 2296 873 2351 eundemque
898 2297 969 2329 Ve-

162 2340 255 2372 neris
288 2321 522 2382 sacerdotem,
568 2346 670 2375 vocat
714 2340 811 2385 ἱερέα
845 2342 970 2376 κτίλον

156 2383 384 2429 Ἀφροδίτας.
408 2385 829 2441 -8ε11..πιόμενα.
860 2387 970 2422 πιού-

159 2443 267 2475 μενα.
300 2434 488 2477 (Hesycha
533 2431 712 2477 πιόμενα,
738 2433 969 2478 ποτιζόμενα.

161 2490 194 2511 v.
229 2478 355 2514 Matth.
393 2482 424 2520 5.
453 2480 529 2513 180.
563 2498 609 2504 —
650 2480 697 2512 Ε·
746 2479 791 2515 ἐκ
824 2480 970 2525 βοτά-

159 2537 255 2569 νης.
312 2524 396 2559 ἀντὶ
436 2526 506 2559 τοῦ
537 2522 628 2568 μετὰ
670 2523 863 2570 βόσκησιν,
906 2526 970 2561 καί

160 2569 258 2611 ἐστι,
291 2571 428 2615 φασὶν,
465 2568 597 2626 όμοιον
621 2573 671 2616 τῷ
698 2571 969 2629 εξαριῃστου

163 2616 458 2661 παρέσομαι,
512 2615 595 2652 ἀντὶ
641 2619 711 2652 τοῦ
754 2618 851 2662 μεθὸ
871 2616 972 2674 „dpe-

162 2662 304 2707 στήσω,
352 2663 415 2698 καὶ
458 2664 509 2707 τῷ
551 2661 598 2697 ἐκ
642 2667 824 2700 νυκτῶν
863 2662 971 2700 ἅνε-

160 2721 245 2752 μοι
302 2698 500 2753 χαλεποὶ
557 2708 704 2753 (Οά)55.
756 2709 805 2754 μ’,
855 2711 970 2754 286),

161 2753 246 2790 ἀντὶ
286 2757 354 2790 τοῦ
397 2768 490 2798 μετα
533 2756 600 2795 τοὶς
642 2755 789 2796 νύκτας.
845 2758 971 2800 ,Virg.

162 2802 284 2846 Eclog.
320 2803 362 2842 9,
397 2803 457 2836 23:
503 2812 607 2844 pasce
632 2804 803 2845 capellas,
845 2782 890 2836 Ἐἰ
911 2814 974 2847 po-

162 2852 236 2880 tum
250 2827 389 2891 υραεεαε
422 2858 513 2891 age,
554 2848 711 2891 Tityrc.“
748 2850 803 2882 Ex
828 2849 974 2892 H..—)

162 2892 382 2937 γάνυται.
423 2891 600 2936 (53504,
625 2892 672 2934 ν’,
697 2892 796 2938 405.)
831 2896 974 2939 διαχεῖ-

163 2952 246 2980 ται,
271 2941 399 2983 χαίρει.
423 2959 468 2963 -
493 2938 567 2974 εοῖ
593 2938 746 2994 αὐτῷ,
779 2946 818 2974 ut
842 2942 972 2984 Ο(1)55.

166 2985 212 3026 6,
235 2987 291 3021 38.
325 2985 367 3021 οἷ
386 2982 489 3031 αὐτῷ
512 2984 602 3020 dixit
626 2983 664 3028 ε’,
693 2966 750 3021 64.
787 2998 821 3021 V.
845 2988 972 3021 Matth-

1015 2228 1072 2261 26.
1107 2227 1243 2259 videtur
1268 2223 1391 2267 ἅλιον,
1430 2235 1503 2258 cum
1528 2223 1664 2256 irritum
1689 2219 1839 2264 signifi-

1015 2278 1096 2313 cat,
1129 2272 1173 2306 ad
1196 2273 1366 2305 notionem
1390 2272 1457 2306 τοῦ
1481 2269 1688 2303 θαλασσίου
1721 2272 1837 2299 revo-

1016 2318 1089 2352 cari
1106 2329 1227 2363 posse,
1252 2319 1301 2351 ita
1323 2323 1362 2350 ut
1386 2315 1527 2362 proprie
1550 2320 1649 2348 sonet
1666 2314 1701 2346 in
1716 2313 1837 2358 marest

1016 2364 1051 2398 in
1076 2365 1169 2408 quod
1184 2365 1341 2408 projecta
1361 2363 1476 2408 perire
1492 2361 1624 2400 sokent3
1649 2370 1735 2403 quae
1753 2369 1835 2390 [οε-ι

1016 2411 1165 2454 taphora
1198 2410 1362 2443 convenit
1393 2407 1561 2447 Graecis,
1595 2416 1687 2439 mare
1722 2414 1821 2437 acco

1017 2456 1179 2490 lentibus,
1209 2476 1244 2480 —
1274 2455 1513 2501 στιβαρῆς.
1547 2450 1591 2496 γ’,
1615 2452 1682 2486 335
1709 2455 1775 2483 etc.

1064 2512 1144 2553 507,
1169 2515 1200 2547 8.
1230 2511 1363 2557 θώρη
1374 2524 1500 2555 κοςγ
1513 2511 1676 2544 ύαλον.
1703 2506 1742 2548 ε’,
1766 2505 1834 2546 99.Ῑ

1018 2559 1088 2601 ‚‚cf.
1116 2558 1258 2591 inferius
1277 2561 1365 2600 587,
1398 2558 1521 2591 conato
1546 2557 1654 2590 591ss
1694 2554 1748 2586 Et·
1778 2537 1834 2588 Hs

1016 2624 1062 2629 —
1087 2606 1167 2638 δια
1193 2602 1231 2638 δ’
1259 2603 1427 2647 ἔντερα
1451 2599 1641 2658 χαλκός’
1642 2598 1831 2653 ’Πφυσε.“

1018 2649 1213 2693 διήντλησε
1238 2649 1278 2685 δε
1302 2665 1334 2685 κ.
1359 2650 1509 2705 διέκοψε
1532 2647 1578 2683 τὰ
1603 2646 1676 2682 εὐτ
1667 2658 1728 2688 ρα
1753 2658 1823 2679 αυ-

1017 2699 1087 2732 τοῦ
1111 2697 1152 2732 τὸ
1172 2697 1280 2741 διᾝρυ
1308 2698 1387 2731 sch.
1408 2716 1452 2721 —
1474 2693 1666 2739 ἀγοστῷ.
1691 2690 1732 2732 λ’,
1743 2690 1829 2726 425

1064 2756 1276 2790 512-525.
1313 2753 1492 2796 ἔμπεδα
1515 2754 1637 2797 γυῖα.
1662 2749 1717 2794 ψ’,
1743 2750 1829 2790 627,

1020 2799 1066 2843 6,
1102 2800 1190 2841 314,
1224 2799 1263 2842 ζ’,
1299 2802 1368 2836 352
1401 2804 1467 2833 etc.
1526 2800 1608 2843 Ap.:
1652 2796 1827 2852 ἔμπεδον.
1856 2810 1857 2815 ’

1019 2860 1108 2883 ποτε
1132 2845 1215 2901 μὲν
1223 2846 1265 2882 τὸ
1290 2844 1460 2890 ἰσχυρόν·
1488 2842 1695 2899 ἔμπεδον
1720 2840 1826 2876 αἰεν·
1856 2847 1860 2863 ‘

1019 2893 1138 2950 ἔχων
1163 2891 1309 2933 σάκος
1334 2891 1513 2927 αἰόλον.
1548 2888 1615 2933 (π’
1644 2884 1825 2931 107.)πο4

1019 2939 1058 2975 τὲ
1093 2938 1133 2974 δε
1164 2938 1204 2974 ἐν
1237 2940 1288 2985 τῷ
1320 2952 1364 2974 πε
1352 2938 1441 2993 ’δῳ,
1473 2936 1554 2972 οἷον
1589 2937 1641 2982 τῷ
1672 2933 1825 2978 ἐδάφει

1020 2984 1176 3031 τόφρα
1200 2984 1249 3021 δε
1274 2985 1353 3020 καὶ
1376 2983 1488 3029 μέγα
1512 2985 1669 3028 τεῖχος
1689 2981 1823 3029 ’.Α-χαι
1856 2993 1859 3015 1
