1847 3277
669 168 1096 210 ΙΛΙΑΔΟΣ
1148 169 1204 209 Σ.

1699 171 1754 210 63

269 278 416 322 δεινόν
443 276 550 331 ὑπὲρ
580 280 773 332 κεφαλῆς
801 275 1060 332 μεγαθύμου
1091 276 1342 347 Πηλείωνος

272 333 609 405 δαιόμενον·τὸ
640 334 686 377 δὲ
719 338 812 377 δαῖε
840 333 922 377 θεοὶ
950 336 1197 404 γλαυκῶπις
1222 331 1398 404 Ἀθήνη.

269 393 360 445 τρὶς
387 391 467 463 μὲν
493 389 603 441 ὑπὲρ
634 406 808 444 ταφρου
837 386 989 445 μεγάλ’
1020 390 1112 444 ιάχε
1140 390 1234 439 δῖος
1258 387 1495 443 Ἀχιλλεύς

267 450 361 503 τρὶς
392 446 432 491 δ’
462 447 743 516 ἐκυκήθησαν
779 451 947 500 Τρῶες,
978 446 1139 488 κλειτοί
1167 443 1209 487 τ’
1241 444 1481 499 ἐπίκουροι.

155 511 238 550 230
267 505 376 548 ἔνθα
406 504 452 547 δὲ
481 504 556 546 καὶ
583 502 668 546 τότ’
702 503 859 546 ὄλοντο
893 502 1091 546 δυώδεκα
1120 505 1264 572 φῶτες
1292 501 1466 555 ἄριστοι

268 560 378 616 ἀμφὶ
410 565 539 615 σφοῖς
569 557 734 614 ὀχέεσσι
763 560 836 602 καὶ
868 559 1042 630 ἔγχεσιν.
1089 558 1226 611 αὐτὰρ
1251 556 1416 627 Ἀχαιοὶ

265 617 488 667 ἀσπασίως
519 617 783 669 Πάτροκλον
811 614 885 658 υπ’
916 616 962 658 ἐκ
991 614 1152 669 βελέων
1184 612 1418 669 ἐρύσαντες

263 673 484 716 κάτθεσαν
515 673 561 716 ἐν
590 673 798 727 λεχέεσσι,
831 673 953 728 φίλοι
983 671 1029 714 δ’
1057 671 1282 742 ἀμφέσταν
1311 671 1476 725 ἑταῖροι

264 729 529 785 μυρόμενοι
560 729 664 784 μετοῖ
696 730 743 772 δέ
773 741 853 800 σφι
881 726 1084 783 ποδώκης
1114 726 1237 770 εἵπετ’
1261 725 1503 798 Ἀχιλλεὺς,

150 789 232 832 235
263 786 436 840 δάκρυα
464 785 622 857 θερμοὶ
637 785 771 841 χέων,
802 785 892 828 ἐπεὶ
921 786 1050 828 είσιδε
1080 784 1236 827 πιστὸν
1263 783 1437 839 ἑταῖρον

260 845 472 915 κείμενον
490 842 537 886 ἐν
568 842 764 915 φέρτρῳ,
795 841 1080 897 δεδαιγμένον
1108 840 1199 893 ὀξέϊ
1226 845 1395 897 χαλκῷ,

262 901 340 943 τόν
371 898 415 953 ῥ’
445 901 542 954 ἠτοι
571 916 649 969 μεν
680 900 839 950 επεμπε
870 900 952 942 σὺν
983 899 1181 941 ι’πποισιν
1210 898 1283 941 καὶ
1314 899 1494 954 ὄχεσφιν

261 956 304 1007 ἐς
333 957 546 1010 πόλεμον,
581 954 686 1000 οὐδ’
717 951 841 1007 αὖτις
870 955 1042 1007 ἐδέξατο
1072 953 1360 1010 νοστήσαντα.

308 1046 434 1081 occidit
458 1047 509 1080 sol
531 1046 675 1080 Junonis
695 1047 816 1090 jussu,
841 1048 1020 1091 cessatque
1045 1055 1171 1090 pugna.
1220 1045 1450 1089 Trojanorum
1474 1043 1665 1078 concilium.

329 1123 503 1169 Ἠέλιον
533 1123 577 1168 δ’
609 1124 836 1180 ἀκάμαντα
865 1127 1030 1194 βοῶπις
1060 1122 1220 1167 πότνια
1239 1122 1358 1180 ΡΉρη

145 1183 227 1227 240
256 1181 424 1236 πέμψεν
457 1181 516 1225 εντ’
547 1181 775 1225 Ὠκεανοῖο
814 1198 922 1237 ροας
952 1180 1138 1223 αέκοντα
1168 1180 1359 1223 νέεσθαι.

253 1237 398 1294 ἠέλιος
426 1240 505 1295 μὲν
536 1238 635 1292 ε’,δυ
666 1238 893 1282 παύσαντο
925 1238 971 1281 δὲ
1003 1239 1091 1280 δῖοι
1115 1235 1280 1292 Ἀχαιοὶ

86 1374 166 1398 ann.
199 1362 243 1397 ad
266 1361 318 1407 ρ’,
343 1361 432 1405 426,
456 1362 546 1406 427,
573 1363 626 1410 β’,
652 1364 750 1408 770)
792 1363 890 1399 ε’κυ-

83 1407 315 1454 κήθησαν.
342 1409 397 1454 (ε’,
421 1389 509 1451 903,
534 1408 582 1451 λ’,
607 1411 694 1452 129,
718 1412 786 1445 673
806 1412 892 1454 etc.)

84 1455 357 1501 ἐταράχθησαν.
392 1457 446 1497 Η,
471 1435 639 1498 Ionisriio‚
664 1461 703 1490 ut
726 1457 795 1500 ait,
829 1469 893 1502 po-

84 1503 153 1536 stul
157 1508 246 1544 ante,
267 1503 378 1537 edidit
396 1503 473 1546 τρὶς
493 1499 534 1536 δε
551 1501 782 1547 κυκήθησαν,
801 1504 892 1548 quod

85 1548 280 1583 obtulerant
315 1549 413 1583 codd.
449 1548 543 1593 Lips.
554 1573 563 1589 ‚
607 1549 773 1583 Cantabr.
803 1554 839 1582 et
870 1550 892 1584 2

84 1594 204 1636 Vrat.;
231 1600 267 1629 et
289 1594 340 1629 ita
359 1594 575 1640 supprimere
600 1600 635 1628 et
658 1606 823 1640 supprimi
836 1607 892 1639 Ju-

85 1641 168 1674 bere
191 1641 280 1675 solet
304 1646 529 1685 augmentum.
565 1641 620 1674 cui
637 1641 711 1675 viro
731 1641 893 1675 doctissi-

85 1698 137 1720 mo
161 1687 225 1721 hac
249 1686 292 1720 de
321 1698 360 1721 re
391 1687 493 1720 semel
515 1687 751 1732 respondebo,
786 1687 893 1732 idque

86 1733 200 1766 verbis
232 1733 274 1766 F.
301 1733 342 1767 A.
367 1732 484 1766 Wolfii
509 1733 618 1778 praef.
643 1734 743 1767 Hom.
776 1746 810 1778 p.
837 1736 892 1769 66.

83 1780 258 1821 „tradunt
281 1778 316 1812 in
339 1778 495 1821 scholiis,
507 1781 530 1798 “
555 1779 689 1824 inquit,
715 1779 895 1821 „Aristar-

85 1825 180 1858 chum
206 1825 260 1858 hic
283 1824 353 1857 illic
378 1829 560 1868 augmenta
583 1826 765 1859 verborum
793 1837 892 1870 prae-

84 1870 209 1904 cidisse
227 1867 376 1911 Ἰακῶς,
409 1871 456 1904 ad
479 1883 607 1904 morem
631 1872 794 1904 Ionicum.
828 1884 893 1905 non

83 1916 208 1951 docent
231 1917 468 1959 scholiastae,
499 1929 563 1951 uec
592 1917 770 1961 quisquam
795 1917 892 1957 alius,

84 1975 181 2008 quem
213 1963 272 1996 ille
303 1974 427 1996 morem
459 1962 607 2007 intelligi
641 1963 812 2003 voluerit;
857 1964 892 1997 id

84 2009 174 2054 quod
204 2009 360 2053 inprimis
391 2014 468 2043 erat
489 2010 693 2051 notandum,
724 2009 891 2054 siquidem

83 2067 179 2088 nemo
218 2055 373 2089 narravit
393 2080 403 2096 ‚
447 2055 579 2099 priscos
615 2055 717 2089 Iones
756 2068 892 2100 semper

83 2101 238 2136 omisisse
270 2106 472 2145 augmenta,
507 2101 612 2145 idque
642 2103 715 2145 ejus
749 2102 891 2136 dialecti

82 2148 257 2192 proprium
282 2159 368 2180 esse.
402 2152 507 2191 atque
528 2148 671 2182 Homeri
697 2159 781 2182 aevo
803 2149 891 2182 hanc

83 2193 334 2227 distinctionem
375 2197 563 2238 temporum
605 2194 689 2227 satis
732 2194 890 2228 usitatam

82 2239 205 2280 fuisse,
225 2239 366 2283 quaevis
385 2239 510 2284 pagina
523 2244 690 2280 testatur3
716 2241 782 2273 nisi
799 2240 890 2285 quod

82 2296 176 2319 usum
200 2286 251 2318 rei
270 2285 414 2319 liberum
432 2285 584 2319 videmus
608 2287 649 2320 ad
674 2298 794 2320 versus
812 2287 890 2320 fun—

82 2330 248 2365 dendos“
270 2335 337 2364 etc.
377 2331 591 2365 observanda
622 2337 676 2366 est
710 2337 820 2366 autem
853 2332 888 2366 in

81 2377 147 2411 hoc
182 2388 310 2421 genere
345 2382 483 2421 praeter
516 2378 791 2422 perspicuitatem
826 2390 888 2412 eu-

81 2423 208 2467 phonia
225 2429 330 2467 atque
350 2423 574 2468 enrhythma,
597 2436 682 2469 quas
701 2426 744 2458 ob
765 2435 888 2458 causas

81 2470 191 2513 ipsum
217 2469 450 2502 Aristarchum
482 2471 601 2504 bonam
633 2476 763 2514 partem
801 2482 885 2515 aug-

81 2519 269 2548 mentorum
310 2526 469 2548 servasse
511 2516 619 2549 videri
644 2517 693 2550 ait
727 2517 886 2557 Wolfius,

80 2560 175 2595 velut
198 2571 271 2594 cum
290 2559 469 2595 ἐπεδεύετ’
488 2559 634 2605 Ἀχαιῶν
652 2563 817 2597 scribitur
835 2576 887 2603 ω,

81 2607 160 2642 385.
194 2607 250 2640 hic
269 2607 406 2651 quidem
424 2619 485 2641 nos
506 2620 579 2642 cum
601 2607 808 2643 immutatum
832 2621 888 2643 re-

81 2651 238 2696 liquimus
280 2652 538 2698 ἐκυκήθησαν,
583 2655 734 2699 rhythmi
774 2655 890 2699 gratia

81 2697 240 2738 fecimus,
274 2699 332 2745 qui
360 2700 461 2744 longe
485 2702 717 2735 vehementior
741 2709 794 2734 est
820 2701 889 2735 rei-

82 2754 170 2787 que,
204 2755 302 2789 quam
327 2745 413 2780 dicit
435 2747 534 2782 Hom.
545 2771 555 2788 ‚
591 2747 706 2792 aptior
733 2758 832 2791 quam
857 2747 888 2781 si

82 2799 190 2833 ponas
220 2791 298 2834 τρὶς
331 2791 370 2827 δὲ
401 2794 643 2847 κυκήθησανε
657 2805 749 2849 quo
776 2793 885 2838 perti-

82 2840 164 2868 nent
204 2837 288 2871 haec
322 2844 358 2872 et
395 2839 519 2873 similia
558 2837 666 2874 πάντ’
704 2838 884 2883 ἐγένοντο,

80 2879 208 2924 γλῶσσ’
229 2881 419 2927 ἐμέμικτο,
445 2884 595 2931 ξ”κπαγλ
596 2885 782 2941 ἐφίλησα,
808 2885 884 2930 qui-

80 2927 145 2960 bus
185 2928 245 2972 qui
292 2932 515 2966 substitueret
551 2931 676 2968 πάντα
721 2932 883 2977 γένοντο,

77 2973 221 3017 γλωσσοι
243 2974 416 3029 μέμικτο,
448 2977 608 3023 ἔκπαγλα
632 2981 789 3024 φίλησα,
829 2978 884 3013 di-

77 3019 162 3064 gitis
185 3021 298 3056 metiri
323 3035 444 3058 versus
467 3025 668 3068 videretur,
694 3037 759 3060 non
783 3036 880 3068 aure,

937 1374 1013 1396 cum
1047 1365 1195 1407 utroque
1237 1362 1354 1395 horum
1388 1371 1474 1404 opus
1513 1370 1589 1393 esse
1626 1357 1752 1393 doceat

937 1409 1108 1443 Horatius
1141 1410 1181 1441 A.
1206 1408 1246 1441 P.
1270 1407 1350 1444 274.
1379 1406 1423 1440 ad
1453 1404 1676 1450 judicandum
1708 1405 1751 1438 de

937 1466 1020 1489 sono
1044 1454 1209 1499 legitimo.

982 1502 1103 1535 230—
1113 1501 1193 1535 238.
1234 1497 1314 1533 και
1346 1495 1475 1538 τότε,
1519 1497 1625 1530 etiam
1656 1501 1749 1537 tunc,

937 1549 977 1579 ut
1007 1547 1077 1590 jam
1105 1552 1184 1579 ante
1217 1543 1351 1591 plurimi
1376 1544 1605 1587 Trojanorum
1636 1543 1752 1596 perie-

938 1598 1016 1626 rant
1047 1593 1136 1637 apud
1162 1593 1300 1625 fossam·
1319 1610 1366 1616 -
1410 1590 1574 1633 „periere
1598 1589 1668 1622 suis
1691 1590 1750 1621 ob-

939 1639 1015 1695 1Ῑὶιί
1048 1639 1202 1672 curribus
1243 1643 1278 1671 et
1316 1637 1474 1679 transfixi
1513 1636 1624 1668 hastis
1667 1635 1750 1669 suis.

939 1685 1061 1729 αμφι
1085 1696 1146 1730 pro
1165 1683 1216 1725 ἐν,
1236 1681 1324 1718 διοὶ.4
1315 1686 1340 1702 44
1363 1684 1417 1715 Ex
1439 1683 1482 1714 H.
1510 1694 1543 1715 v.
1566 1685 1600 1714 et
1623 1680 1748 1715 Matth

939 1743 983 1787 p.
997 1732 1078 1766 544.
1113 1736 1149 1764 et
1172 1710 1250 1765 85’4.
1296 1730 1347 1763 sic
1379 1729 1508 1762 Persae
1540 1726 1647 1761 αὐτοι
1682 1724 1747 1770 ὑφ’

938 1774 1064 1811 αυτῶν
1087 1774 1262 1832 ἐμβολαῖς
1284 1774 1546 1829 χαλκοστόμοις
1574 1771 1732 1808 Παιόντ’
1736 1798 1748 1815 ,

939 1822 1105 1866 ἔθραυον
1128 1821 1253 1857 πάντα
1276 1820 1427 1866 κωπήρη
1449 1817 1600 1861 στόλον,
1627 1825 1665 1852 ut
1689 1831 1749 1853 ca-

938 1870 989 1904 nit
1000 1869 1192 1923 Aeschylus
1208 1871 1303 1903 Pers.
1325 1870 1406 1903 388.
1420 1887 1466 1892 -—-
1490 1864 1749 1906 ασπασίωις.

938 1915 1010 1960 (η’,
1038 1918 1124 1957 118,
1149 1914 1198 1956 λ,
1223 1917 1312 1955 327,
1336 1914 1427 1947 infra
1450 1915 1519 1948 270
1543 1920 1610 1946 etc.
1630 1931 1676 1936 —
1700 1911 1750 1948 ἐν

937 1961 1200 2005 λεχέεσσιν,
1233 1961 1272 1996 ἐν
1294 1959 1408 2004 λεχει,
1442 1958 1482 1994 ἐν
1512 1958 1677 2003 φέρτρῳ,
1710 1963 1751 1992 ut

937 2009 1024 2042 dicit
1047 2009 1147 2050 236,
1173 2008 1262 2064 quod
1287 2012 1342 2041 est
1363 2006 1567 2063 interprete
1580 2005 1608 2038 E
1633 2017 1750 2049 νεκρι-

937 2054 1004 2091 κὸν
1028 2058 1201 2111 φορεῖον,
1236 2052 1377 2110 ἀσπίδα
1399 2065 1479 2096 τυχ
1480 2065 1511 2084 ν
1544 2049 1567 2096 ἢ
1601 2049 1688 2086 ἄλλο
1713 2065 1751 2087 τι

937 2100 1179 2145 αὐτοσχέδιον
1202 2120 1248 2125 -
1267 2098 1286 2135 ὁ
1308 2098 1535 2141 νεκροφόρος
1554 2098 1749 2142 σκίμπους,

937 2149 998 2182 der
1026 2148 1246 2191 Tragscssel,
1279 2147 1334 2180 die
1363 2145 1613 2179 Todtenbahre.
1649 2145 1750 2189 Virg

937 2197 978 2236 6,
1003 2195 1103 2229 220..
1127 2199 1201 2227 tum
1225 2193 1379 2226 membra
1399 2191 1562 2234 (Miseni)
1586 2196 1661 2225 toro
1683 2192 1750 2225 de-

929 2244 1022 2285 fleta
1052 2244 1240 2284 reponunt,
1274 2240 1536 2283 Purpureusque
1568 2249 1672 2281 super
1691 2249 1749 2271 ve-

935 2293 1026 2328 stes,
1059 2287 1236 2320 velamina
1265 2291 1368 2326 nota,
1409 2285 1624 2327 Covjiciunt;
1665 2295 1750 2327 pars

934 2333 1070 2378 ingenti
1090 2333 1223 2366 subiere
1239 2335 1371 2374 feretro
1390 2336 1454 2365 etc.
1477 2350 1516 2355 -
1547 2332 1748 2365 231—238

934 2391 1008 2413 cum
1042 2379 1192 2423 ejusdem
1225 2380 1349 2421 poetae
1381 2376 1483 2411 dictis
1519 2376 1562 2409 de
1587 2376 1747 2410 Pallante

933 2425 1048 2459 occiso
1083 2427 1169 2460 Aen.
1205 2427 1270 2469 11,
1295 2426 1340 2459 29
1376 2429 1412 2457 et
1436 2435 1534 2468 seqq.
1567 2423 1749 2456 contendit

931 2472 1100 2552 Eiggg·-
1111 2514 1191 2551 245.
1221 2516 1317 2560 justo
1342 2513 1444 2549 citius
1473 2513 1633 2549 occidere
1656 2514 1744 2548 Juno

933 2563 1036 2597 solem
1056 2563 1174 2617 jubet,
1199 2573 1265 2607 quo
1284 2561 1423 2595 finiatur
1445 2571 1629 2605 prosperus
1651 2561 1745 2594 Tro-

929 2610 1022 2653 janis
1040 2607 1104 2653 (ρ’,
1121 2609 1244 2644 453-
1257 2609 1354 2651 455.)
1374 2607 1460 2640 dies.
1493 2612 1613 2640 contra
1633 2607 1744 2640 Israe-

934 2655 1097 2689 litatum
1088 2667 1122 2688 in
1140 2655 1286 2700 gratiam
1304 2654 1436 2687 Jehova
1456 2652 1569 2686 dictus
1583 2658 1636 2685 est
1655 2652 1742 2686 diem

935 2702 1025 2735 ultra
1048 2701 1181 2735 solitum
1206 2700 1429 2755 produxisse.
1458 2711 1492 2732 v.
1513 2698 1585 2732 Jos.
1608 2701 1661 2732 10
1689 2699 1741 2732 13.

935 2759 1011 2781 ann.
1039 2749 1082 2781 H.
1110 2766 1156 2773 —
1201 2747 1300 2780 Sch.:

929 2792 1114 2838 μηδέποτε
1143 2794 1342 2830 κοπιῶντα.
1375 2793 1593 2834 indefessum.

929 2840 1053 2874 fleatur
1084 2839 1165 2874 solis
1197 2845 1307 2873 motus
1341 2843 1546 2883 perpetuus3
1577 2835 1740 2892 quemad-

929 2887 1062 2920 modum
1085 2890 1120 2920 et
1140 2886 1336 2931 Spercheus
1355 2884 1461 2917 amnis
1479 2888 1624 2916 vocatur
1649 2895 1737 2917 ακα

928 2945 1000 2976 μας
1023 2932 1072 2976 π,
1096 2934 1173 2967 176.
1199 2937 1235 2966 et
1259 2932 1419 2965 Oceanus
1443 2941 1496 2973 ap.
1521 2930 1655 2973 poetam
1676 2939 1738 2962 ve-

927 2985 1059 3020 terem,
1097 2979 1195 3022 cujus
1228 2979 1319 3011 hunc
1351 2975 1552 3009 versiculum
1583 2974 1739 3008 laudavit

926 3025 958 3058 E
982 3036 1016 3070 p.
1044 3026 1143 3065 1155,
1168 3026 1221 3058 8..
1245 3021 1366 3067 πάντη
1392 3020 1430 3056 δ’
1457 3018 1650 3066 ἄκαματον
1672 3020 1738 3065 φέ-

1337 2743 1597 2787 οἷκοὶμαντα.
1622 2742 1740 2787 (484)

1633 2789 1742 2833 signi-
