1847 3277
83 566 167 610 315
197 561 356 618 ἤφυσ’·

26 1524 71 1530 -
96 1502 304 1548 ἀνέσχεν,
328 1505 470 1539 exstitit.
503 1505 586 1539 alias
606 1508 660 1539 est
678 1504 837 1539 sustulit:

28 1563 63 1587 v.
88 1549 143 1593 ν’,
169 1553 260 1593 278,
284 1549 313 1596 χ’
327 1578 338 1594 ,
362 1554 429 1594 80,
455 1551 583 1596 Odyss.
607 1550 662 1595 χ’,
686 1553 765 1587 297.

70 1610 151 1645 311.
178 1609 225 1653 δ’,
249 1610 340 1655 504,
367 1607 406 1651 ε’,
429 1608 496 1653 42,
523 1608 567 1652 ν’,
592 1609 659 1644 187
681 1614 749 1643 etc.
791 1608 837 1643 cs.

25 1666 42 1690 ε
64 1656 267 1743 3?{‚e3(213.
298 1700 531 1746 Φόρκῦνα.
555 1702 635 1737 218.
654 1720 701 1726 --
730 1701 839 1735 Φαί-

25 1759 186 1790 νοπος.
224 1748 570 1794 583,ε,152--
612 1745 838 1794 περιβάν-

24 1796 162 1884 tt>‘31⁴4,
188 1841 268 1876 315.
301 1839 353 1883 ν’,
378 1843 466 1883 507,
490 1842 570 1877 508.
618 1842 663 1875 cf.
690 1839 736 1882 ε’,
759 1841 816 1875 99.

73 1900 161 1942 319,
187 1900 267 1934 320.
306 1898 346 1943 ζ’,
371 1901 430 1942 73,
454 1899 511 1935 74.
560 1898 606 1932 cf.
632 1910 738 1943 supra
759 1896 840 1941 224,

26 1945 117 1980 infra
140 1947 220 1982 337.

75 2005 287 2040 321-323.
312 2003 390 2038 καὶ
416 2001 531 2047 ὑπὲρ
550 2000 662 2043 Διὸς
686 2001 842 2043 αἶσαν,

31 2052 88 2084 vel
109 2056 248 2094 praeter
274 2051 368 2084 Jovis
383 2053 526 2093 fatum,
553 2051 586 2084 h.
612 2063 641 2084 e.
666 2049 726 2090 id,
752 2049 843 2094 quod

31 2097 130 2131 Jovis
155 2097 294 2130 decreto
321 2097 468 2141 obtingit
492 2096 712 2136 mortalibus,
748 2102 786 2129 ut
810 2095 844 2129 H

33 2144 296 2188 interpretatur.
330 2143 450 2188 itaque
473 2143 562 2176 idem
587 2143 674 2176 Hom
712 2141 845 2186 signifi-

35 2196 112 2232 cat,
137 2201 209 2223 cum
234 2190 324 2224 infra
345 2189 424 2224 409.
447 2190 533 2224 dicit
555 2187 646 2229 Διὸς
668 2188 791 2233 νόημα
810 2192 846 2222 et

34 2234 76 2279 ζ,
97 2215 177 2270 487.
210 2233 304 2278 ’ὑπὲρ
329 2235 458 2277 αἶσαν,
487 2244 524 2270 et
547 2234 600 2282 β’,
624 2237 698 2272 155.
735 2234 845 2278 ὑπέρ·

33 2295 145 2327 μορα.
182 2282 226 2315 cf.
254 2284 333 2318 327.
351 2301 394 2308 -
432 2285 548 2324 Περί
563 2295 688 2326 φαντ
703 2295 725 2316 ι.
758 2282 844 2315 alius

35 2329 109 2363 scil.
137 2327 191 2361 hic
216 2334 268 2361 est
293 2334 396 2373 atque
420 2328 477 2362 ille
499 2329 666 2374 Periphas
692 2329 844 2370 Aetolus,

5 2374 8 2379 ⁴
32 2387 131 2420 quem
150 2375 226 2419 ipse
244 2375 392 2407 occisum
409 2375 572 2419 spoliavit
591 2375 686 2408 Mars
710 2373 748 2415 ε’,
765 2374 844 2409 842.

36 2422 170 2465 Epytus
184 2421 374 2464 Trojanus‚
394 2427 493 2465 pater
512 2422 624 2466 hujus,
648 2421 749 2455 etiam
770 2421 846 2465 ipse

36 2479 162 2513 praeco
187 2466 294 2500 fuisse
322 2467 468 2501 videtur.
514 2479 546 2500 v.
573 2479 650 2501 ann.
680 2467 722 2500 ad
747 2479 844 2511 sequ.

0 2535 2 2546 ,
36 2525 184 2548 versum.
232 2514 405 2556 Epytiden
430 2513 492 2547 Iuli
523 2513 700 2547 custodem
725 2521 761 2547 et
787 2526 847 2548 co·-

0 2559 9 2606 1
36 2560 148 2595 mitem
172 2559 274 2593 finxit
299 2560 397 2594 Maro
422 2561 506 2594 Aen.
532 2561 572 2601 5,
598 2560 674 2594 547.

83 2617 172 2660 324,
198 2618 230 2652 5.
263 2616 314 2651 sic
338 2616 393 2659 α’,
419 2620 494 2653 69.:
530 2616 677 2660 Κάλχας
712 2619 848 2653 Θεστο-

0 2682 1 2687 =
39 2664 157 2708 ρι’δης,
183 2664 422 2699 οἰωνοπόλων
443 2662 496 2707 ὄχ’
516 2662 676 2707 ἄριστος,
703 2675 765 2698 nec
784 2665 849 2698 nisi

39 2721 179 2756 perraro
203 2710 294 2744 inter
318 2711 528 2756 appellativa
551 2716 586 2744 et
612 2711 850 2755 patronymica

39 2767 159 2791 nomen
197 2757 363 2800 ejusmodi
399 2756 495 2791 aliud
536 2756 710 2801 interponi
747 2758 849 2801 solet,

42 2804 135 2836 velut.
159 2814 233 2837 cum
257 2803 341 2837 dicit
364 2801 418 2849 β’,
444 2802 524 2838 434.
549 2803 710 2846 Ἀτρείδη
745 2802 851 2838 κύδι-

1 2811 6 2919 Ι
41 2860 113 2890 στε,
133 2845 223 2890 ἄναξ
244 2847 391 2893 ανδρῶν
407 2829 581 2893 ’,Αγοὶμειιτ
586 2863 640 2891 ον,
659 2862 849 2895 quanquam

0 2923 5 3131 Ι
39 2895 72 2928 id
101 2907 165 2928 non
191 2907 330 2938 prorsus
348 2896 465 2930 eadem
492 2897 645 2930 ratione.
680 2908 754 2930 nam
790 2908 851 2941 per

0 3144 3 3164 1

40 2950 77 2976 :tc
98 2943 224 2976 dictum
244 2941 388 2983 intelligi
406 2948 520 2993 potest
529 2941 633 2977 'stom
627 2944 706 2998 {3677
730 2949 764 2975 et
785 2943 850 2976 alio

41 2988 158 3025 initio
185 2987 414 3029 ἐμφατικῶςτ
441 2987 533 3031 ἄναξ
563 2987 665 3032 α’νδρ
702 2993 747 3033 A2
750 3014 780 3030 .,
815 2993 853 3022 ut

41 3035 164 3069 ibidem
191 3034 275 3075 234,
312 3033 375 3069 441
403 3042 439 3069 et
465 3035 601 3080 passim.
627 3019 737 3069 ‹Jfodd
737 3061 747 3077 ‚
783 3047 852 3068 me-

578 166 1007 208 ΙΛΙΑΔΟΣ
1064 167 1105 204 Ρ.

396 823 520 869 Apollo
545 824 695 858 Aeneam
720 822 860 858 excitat.

83 287 167 326 310
195 279 324 334 αἰχμὴ
355 279 526 348 χαλκείη
553 278 672 330 παρα
705 278 879 320 νείατον
909 291 1031 329 ωμον
1061 271 1220 343 ἀπέσχε.

194 338 415 407 δούπησεν
447 335 494 378 δὲ
523 335 693 385 πεσών,
726 333 919 389 ἀράβησε
949 332 994 375 δὲ
1023 327 1155 384 τεύχε’
1187 327 1250 372 ἐπ’
1281 329 1414 398 αὐτῳ.

194 395 308 443 Αἴας
337 391 380 436 δ’
412 388 471 435 αὗ
502 391 711 446 Φόρκυνα
741 393 1005 457 δαΐφρονα,
1023 389 1249 437 Φαίνοπος
1277 385 1402 439 υἱόν,

191 448 416 505 Ἱπποθόῳ
449 447 707 517 περιβάντα,
739 448 873 502 μέσην
902 445 1012 489 κατὰ
1039 443 1228 499 γαστέρα
1258 442 1391 492 τύψε,

199 507 298 562 ῥῆξε
329 506 374 549 δὲ
389 494 608 560 θώρηκος
637 504 829 560 γύαλον,
865 502 938 546 δια
969 499 1013 544 6'
1047 501 1198 553 ἔντερα
1227 499 1384 569 χαλκὸς

388 561 411 606 ὁ
443 561 487 605 δ’
520 562 569 604 ἐν
598 564 771 617 κονίησι
800 558 946 603 πεσών
979 557 1044 601 ἕλε
1074 563 1206 613 γαῖαν
1241 554 1425 612 ἀγοστῷ.

193 619 402 692 χώρησαν
433 616 474 662 δ’
504 618 593 662 ὑπό
623 635 668 661 τε
698 616 918 686 πρόμαχοι
947 616 1020 658 καὶ
1053 613 1291 670 φαίδιμος
1291 613 1469 667 Ἐκτωρ·

193 675 381 730 Ἀργεῖοι
411 676 457 719 δὲ
488 675 597 746 μέγα
627 677 776 730 ἴαχον,
808 673 1020 742 ἐρύσαντο
1053 672 1099 715 δὲ
1129 671 1336 725 νεκροὺς,

199 734 381 789 Φόρκυν
409 731 475 784 θ’,
501 731 739 776 Ιππόθοόν
768 748 836 784 τε,
868 728 1032 773 λύοντο
1064 728 1110 772 δὲ
1141 728 1269 784 τεύχε’
1303 724 1372 771 ἀπ’
1405 725 1550 783 ὤμων.

263 902 407 946 ’Ἐνθα
437 919 513 946 κεν
545 897 648 946 αὖτε
682 903 828 955 Τρῶες
859 899 1109 969 ἀρηϊφίλων
1137 895 1211 941 ὑπ’
1238 896 1421 954 Ἀχαιῶν

83 965 168 1005 320
188 958 324 1003 Ἴλιον
353 959 664 1031 εἰσανέβησαν,
697 958 953 1029 ἀναλκείῃσι
983 955 1212 1010 δαμέντες,

193 1015 380 1086 Ἀργεῖοι
410 1016 468 1059 δέ
485 1033 533 1059 κε
563 1018 699 1065 κῦδος
730 1016 830 1058 ἕλον
858 1014 932 1057 καὶ
961 1012 1074 1064 ὑπὲρ
1106 1011 1217 1062 Διὸς
1249 1008 1383 1053 αἶσαν

197 1072 349 1127 κάρτεϊ
378 1074 452 1116 καὶ
483 1073 633 1115 σθένεϊ
662 1071 884 1127 σφετέρῳ·
917 1068 1015 1112 ἀλλ’
1051 1068 1186 1118 αὐτός
1211 1067 1436 1111 Ἀπόλλων

195 1131 379 1172 Αἰνείαν
410 1130 596 1183 ὤτρυνε,
630 1129 762 1198 δέμας
792 1128 1037 1182 Περίφαντι
1067 1124 1223 1175 ἐοικως

192 1184 432 1255 Ἠπυτίδῃ,
462 1186 646 1242 κήρυκι,
679 1185 727 1236 ὅς
764 1186 809 1227 οἱ
835 1183 956 1237 παροὶ
990 1183 1119 1235 πατρὶ
1150 1182 1324 1251 γέροντι

84 1246 169 1290 325
199 1243 434 1298 κηρύσσων
462 1243 682 1298 γήρασκε,
713 1243 822 1297 φίλα
853 1240 989 1311 φρεσὶ
1011 1239 1149 1309 μήδεα
1180 1236 1331 1291 εἰδώς·

197 1305 258 1359 τῷ
287 1317 364 1356 μιν
393 1300 661 1369 ἐεισάμενος
673 1299 897 1369 προσέφη
906 1296 1018 1348 Διὸς
1047 1296 1147 1347 υἷὸς
1173 1293 1415 1338 Ἁπόλλων·

275 1359 492 1411 ,,Αἰνειά,
521 1361 612 1409 πῶς
642 1356 698 1400 ἂν
725 1356 801 1401 καὶ
825 1354 932 1410 ὑπὲρ
969 1355 1078 1398 θεὸν
1112 1352 1394 1408 εἰρύσσαισθε

885 1506 939 1536 tro
965 1502 1178 1546 depravato·
1202 1499 1334 1544 κήρυκι
1353 1498 1458 1540 Ἤπ.,
1484 1495 1525 1539 ὃς
1547 1504 1612 1533 etc.
1639 1499 1702 1532 mi-

884 1560 946 1584 ror
964 1559 1060 1589 sane,
1080 1547 1275 1582 facillimam
1292 1546 1494 1582 emendandi
1514 1546 1601 1580 viam
1618 1558 1702 1579 non-

886 1595 966 1629 dum
997 1594 1166 1629 institisse
1211 1594 1305 1627 viros
1340 1594 1470 1627 doctos.
1506 1613 1548 1617 —
1602 1593 1702 1626 Sch.:

884 1641 985 1686 κήρ.
1005 1641 1162 1676 Ἠπυτ.
1190 1639 1293 1684 (ηπ.)
1323 1639 1490 1675 Ἠπύτου
1520 1641 1638 1674 παιδί.
1680 1633 1705 1683 ἢ

887 1688 1098 1733 φωνητικῷ.
1134 1689 1260 1732 probat
1277 1688 1365 1721 hanc
1384 1687 1705 1731 interpretationem

887 1735 1003 1769 Schol.
1037 1736 1087 1774 Β,
1122 1734 1221 1767 modo
1256 1733 1430 1768 scribatur
1461 1732 1637 1779 ἠπυτάδῃ
1661 1733 1706 1766 ab

885 1781 1033 1826 ἠπύτης
1066 1781 1140 1814 sive
1169 1779 1314 1822 ἠπύτα,
1349 1781 1627 1835 quemadmodum
1656 1778 1706 1822 η’,

885 1827 967 1865 384-
991 1830 1094 1873 poeta
1117 1827 1223 1860 dixit·
1246 1825 1474 1870 μετεφώνεει
1493 1824 1619 1872 ἠπύτα
1641 1824 1708 1870 κή-

888 1876 966 1921 ρυξ.
991 1840 1075 1907 psedl
1102 1873 1186 1906 1111111
1212 1874 1408 1907 mutandum
1441 1879 1514 1916 est,
1551 1872 1708 1929 quamvis

889 1921 1029 1957 eandem
1050 1920 1264 1977 potationem
1285 1921 1414 1954 habent
1438 1922 1572 1954 nomina
1586 1917 1708 1955 '‘-an

888 1981 953 2008 τος
977 1974 1014 2001 et
1037 1963 1201 2011 ἠπύτης,
1236 1967 1379 2011 verique
1410 1967 1520 2001 simile
1554 1967 1706 2010 videtur,

890 2016 1043 2060 Epytum
1067 2025 1087 2046 a
1112 2024 1273 2055 munere,
1297 2025 1365 2067 quo
1386 2013 1594 2057 fungeretur
1613 2013 1708 2057 pari-

890 2068 944 2097 ter
966 2072 1006 2093 ac
1025 2059 1127 2100 filius,
1145 2060 1336 2115 praeconis
1356 2060 1564 2104 appellatum
1586 2060 1708 2093 fuisse.

892 2127 935 2132 -
961 2120 1006 2141 οι
1029 2104 1155 2148 παρὰ
1182 2107 1348 2149 πατρὶ,
1376 2107 1471 2150 apud
1495 2106 1709 2147 51111171,Αο-

891 2165 989 2195 neae,
1008 2159 1145 2195 patrem
1164 2153 1347 2187 Anchisen.
1372 2165 1405 2185 v.
1427 2155 1502 2188 195
1525 2173 1568 2178 —-
1595 2154 1709 2209 φίλα

892 2220 936 2227 --
962 2197 1126 2241 εἰδώς,
1158 2205 1196 2233 ut
1230 2198 1339 2240 εἰδώς
1369 2197 1490 2243 μήδεα
1514 2213 1639 2234 πυκνα
1664 2196 1709 2242 γ’,

893 2249 978 2285 202
1007 2252 1115 2291 grata
1145 2257 1204 2279 seu
1233 2247 1423 2290 prudentia
1452 2248 1594 2280 consilia
1623 2247 1710 2280 dare

891 2299 1016 2334 aptus,
1042 2292 1275 2335 benevolens,
1301 2293 1550 2327 callidissimus.
1591 2294 1638 2328 cf.
1663 2290 1709 2338 β’,

889 2339 979 2379 340,
1083 2340 1150 2373 278
1176 2345 1243 2373 etc.

936 2353 1027 2421 32677
1051 2382 1104 2432 ff,
1129 2386 1194 2426 22,
1221 2383 1278 2426 π’,
1304 2387 1374 2420 720
1397 2390 1463 2419 etc.

937 2411 1294 2467 ’.ζῇ-3321113110
1318 2432 1523 2476 castigantis
1539 2432 1711 2476 Trojano-

892 2490 964 2512 rnm
983 2477 1170 2522 ignaviam.
1204 2479 1376 2523 quomodo
1400 2490 1479 2521 vos,
1505 2479 1630 2524 inquit,
1655 2479 1711 2512 vel

891 2525 999 2559 invito
1025 2524 1161 2558 numine
1184 2524 1331 2558 servetis
1356 2525 1519 2568 Trojam,
1544 2525 1602 2569 qui
1629 2536 1713 2570 pro-

893 2571 979 2624 pitio
1005 2571 1148 2615 fugitis,
1186 2583 1259 2605 cum
1286 2583 1350 2615 ego
1380 2571 1465 2605 alios
1490 2572 1633 2605 viderim
1660 2571 1714 2604 fa-

893 2617 940 2650 tis
965 2618 1184 2652 obstantibus
1209 2622 1323 2651 tamen
1358 2619 1484 2652 robore
1518 2630 1558 2651 ac
1584 2617 1714 2650 virtute

894 2675 956 2697 sua
990 2665 1135 2721 majores
1167 2665 1316 2698 hostium
1353 2665 1472 2710 copias
1500 2663 1715 2698 devinceret

896 2735 920 2767 ,3
909 2711 1028 2750 ,πῶς
1054 2724 1108 2745 αν
1131 2729 1177 2737 —
1201 2713 1298 2746 αἰπ.
1312 2736 1321 2753 ,
1357 2717 1395 2745 ut
1418 2712 1497 2751 πῶς
1530 2723 1578 2744 αν
1604 2706 1712 2745 ἔπειτ’

897 2755 973 2791 ἀπὸ
1000 2761 1100 2813 σεῖρ,
1125 2757 1234 2799 φίλον
1259 2756 1383 2800 τέκος,
1417 2753 1512 2793 αυθι
1537 2758 1714 2800 λιποίμην

896 2803 1005 2846 Oios-‚-
1040 2802 1082 2847 ι’,
1108 2805 1186 2839 437.
1230 2805 1275 2839 cf.
1308 2803 1339 2838 κ’
1350 2805 1473 2848 ,,243
1507 2815 1611 2848 supra
1645 2804 1713 2839 149

898 2855 964 2883 etc.
976 2875 986 2892 ,
1020 2862 1133 2885 nenne
1159 2850 1389 2895 Tragicorum
1416 2863 1510 2885 usum
1543 2850 1612 2884 τοῦ
1635 2852 1716 2890 πῶς

899 2910 945 2929 αν
970 2897 1003 2929 111
1029 2897 1119 2930 votis
1145 2899 1241 2930 novit
1263 2897 1318 2931 hic
1338 2903 1464 2930 noster.
1485 2917 1522 2921 —
1553 2896 1715 2931 videntur

900 2944 1005 2990 fuisse
1031 2943 1087 2987 qui
1109 2944 1302 2977 scriberent
1322 2955 1388 2976 nna
1411 2955 1493 2977 v:0‹e
1512 2956 1582 2977 vn
1570 2942 1712 2983 ὀθεοτ,

900 2995 938 3023 ut
962 2987 1167 3044 ὑπέρμορα.
1205 2996 1301 3022 certe
1329 2991 1541 3032 1185301101
1564 2990 1711 3023 Snidas:

901 3033 1105 3079 ὑπέρθεον,
1145 3034 1210 3071 tini
1205 3049 1236 3079 -ρ
1273 3033 1313 3070 τὸ
1342 3038 1450 3070 θεῖον
1481 3049 1510 3071 κ.
1543 3035 1612 3082 τὴν
1646 3037 1713 3072 τοῦ
