1877 3277
654 151 1084 193 ΙΛΙΑΔΟΣ
1148 153 1214 193 Μ.

1669 152 1752 192 139

245 260 414 317 ὄρνυον
443 262 574 306 ἔνδον
605 260 749 311 ἐόντες
779 258 1032 315 ἀμύνεσθαι
1059 261 1160 313 περὶ
1191 276 1335 315 νηων·

245 318 387 373 αὐτὰρ
420 317 569 390 ἐπειδη
599 322 739 374 τεῖχος
769 317 1099 388 ἐπεσσυμένους
1119 316 1310 371 ἐνόησαν

250 380 426 431 Τρωας,
459 374 568 428 ἀτάρ
598 379 796 418 Δαναῶν
823 373 972 430 γένετο
987 373 1102 444 ἰαχή
1129 390 1173 417 τε
1204 373 1347 445 φόβος
1374 390 1434 424 τε,

136 436 216 479 145
246 432 293 476 ἐκ
326 434 372 476 δὲ
404 433 463 475 τώ
500 431 672 483 άῑξαντε
702 432 885 474 πυλάων
913 429 1082 486 πρόσθε
1112 431 1351 502 μαχέσθην,

247 488 523 559 ἀγροτέροισι
554 488 733 531 σύεσσιν
763 486 953 539 ἐοικότε,
985 487 1089 531 τω’τ’
1121 487 1167 531 ἐν
1199 487 1376 542 ὄρεσσιν

245 545 420 600 ἀνδρων
448 544 526 616 ἠδὲ
555 550 706 588 κυνῶν
735 545 910 600 δέχαται
938 544 1215 599 κολοσυρτὸν
1247 543 1386 597 ἰόντα,

246 602 417 672 δοχμώ
426 602 465 645 τ’
501 601 708 645 ἀΐσσοντε
734 602 851 672 περὶ
863 603 1017 657 σφίσιν
1049 601 1245 671 ἄγνυτον
1274 600 1401 655 ὕλην,

245 658 451 715 πρυμνὴν
480 658 791 713 ἐκτάμνοντες,
821 657 934 702 ὑπαὶ
965 660 1011 702 δέ
1041 675 1086 702 τε
1116 657 1284 714 κόμπος
1315 656 1515 701 ὀδόντων

137 719 217 763 150
246 719 464 772 γίγνεται,
497 715 634 760 εἰσόκε
667 717 732 767 τίς
760 732 804 759 τε
835 715 984 772 βαλων
1015 715 1061 759 ἐκ
1091 715 1243 770 θυμὸν
1274 714 1443 770 ἕληται·

249 773 307 824 ὡς
336 777 426 816 τῶν
456 772 613 828 κόμπει
641 771 813 843 χαλκὸς
833 773 901 816 ἐπὶ
932 773 1139 843 στήθεσσι
1172 771 1371 843 φαεινός,

248 829 384 885 ἄντην
413 829 720 901 βαλλομένων·

751 829 869 886 μάλα
897 829 981 885 γὰρ
1012 833 1237 883 κρατερῶς
1267 828 1493 884 ἐμάχοντο,

247 891 423 930 λαοῖσιν
452 886 713 939 καθύπερθε
743 887 1002 937 πεποιθότες
1031 887 1108 942 ἠδὲ
1119 888 1310 957 βίηφιν.

249 945 294 987 οἱ
322 942 364 987 δ’
399 943 486 998 ἄρα
515 945 818 1013 χερμαδίοισιν
846 944 1073 1017 ἐϋδμήτων
1104 941 1190 987 άπὸ
1222 942 1405 998 πύργων

138 1003 219 1046 155
250 1000 439 1073 βάλλον,
472 999 746 1056 άμυνόμενοι
776 1004 906 1056 σφῶν
935 1000 979 1043 τ’
1016 998 1163 1044 αὐτῶν
1193 1001 1268 1043 καὶ
1297 998 1522 1049 κλισιάων,

248 1062 393 1128 νηῶν
397 1057 439 1100 τ’
469 1057 730 1111 ὠκυπόρων.

788 1057 991 1127 νιφάδες
1005 1056 1045 1101 δ’
1079 1058 1135 1108 ὡς
1165 1059 1326 1100 πίπτον
1357 1056 1493 1111 ἔραζε,

245 1113 342 1158 ὅστ’
376 1113 535 1184 άνεμος
567 1115 691 1170 ζαὴς,
723 1113 861 1170 νέφεα
892 1113 1095 1158 σκιόεντα
1126 1113 1332 1169 δονήσας,

211 1170 456 1226 *ταρφειὰς
485 1172 715 1226 κατέχευεν
745 1172 814 1215 ἐπὶ
843 1172 972 1227 χθονι
1002 1173 1345 1226 πουλυβοτείρῃ,

249 1228 309 1279 ὣς
337 1232 427 1271 τῶν
457 1229 503 1272 ἐκ
531 1233 692 1298 χειρῶν
723 1228 849 1299 βέλεα
880 1228 1002 1283 ῥέον,
1021 1227 1142 1299 ἦμεν
1168 1227 1384 1297 Ἀχαιῶν,

139 1291 219 1330 160
247 1284 325 1341 η’δὲ
354 1287 429 1328 καὶ
459 1285 506 1329 ἐκ
540 1285 729 1341 Τρώων·
760 1285 963 1356 κόρυθες
984 1285 1030 1329 δ’
1062 1284 1176 1357 ἄμφ’
1211 1289 1327 1328 αὐον
1357 1281 1533 1333 ἀΰτευν,

247 1341 514 1400 βαλλόμεναι
543 1345 802 1399 μυλάκεσσι,
834 1343 910 1386 καὶ
938 1341 1115 1394 ἀσπίδες
1146 1339 1462 1399 ὀμφαλόεσσαι

81 1471 133 1506 nit
154 1472 279 1513 τειως,
310 1470 417 1516 μέχρι
447 1468 573 1512 τινὸς,
611 1483 676 1506 nec
708 1471 896 1518 interpun-

79 1518 228 1562 gendum
256 1524 317 1552 aut
340 1519 507 1563 apodosin
532 1519 780 1575 expectandam
818 1529 896 1552 esse

81 1565 144 1599 ait.
191 1565 224 1598 E
250 1576 405 1621 quoque:
435 1563 475 1599 ἐν
502 1563 652 1605 τούτοις
683 1563 723 1600 δὲ
733 1566 894 1621 χρᾶται,

83 1623 133 1651 ως
154 1611 218 1646 καὶ
244 1610 407 1655 α’λλαχοῦ
433 1611 512 1655 (⁴3),
535 1612 586 1657 τῷ
609 1610 665 1646 ἕω
680 1625 696 1652 ς
721 1609 806 1647 ἀντὶ
825 1613 896 1646 τοῦ

81 1656 198 1699 τέως
230 1658 293 1693 καὶ
323 1656 416 1713 πρὸς
440 1656 482 1692 τὸ
508 1657 633 1700 παρὸν
657 1664 725 1694 etc.
772 1658 895 1692 vellem

82 1709 118 1738 et
142 1705 196 1748 hi,
220 1710 274 1746 et,
309 1705 367 1750 qui
392 1715 451 1738 eos
477 1709 687 1749 sequuntur,
721 1704 896 1739 recentio-

81 1761 160 1791 τεε,
196 1751 232 1784 id
269 1751 437 1795 quomodo
471 1751 547 1785 fieri
579 1757 718 1796 posset,
755 1751 897 1785 docuis-

82 1802 169 1830 sent
219 1802 369 1831 ceterum
394 1802 490 1831 reete
513 1798 679 1842 apodosin
703 1796 896 1831 desiderari

82 1845 187 1887 negat
211 1843 327 1876 Schol.
353 1844 401 1885 A3
425 1855 492 1878 non
515 1845 620 1885 item,
643 1844 896 1904 interpungen-

83 1889 164 1922 dum
199 1900 298 1922 esse.
332 1901 408 1923 nam
441 1895 537 1923 certe
571 1891 678 1924 verba
713 1892 797 1930 είως
829 1887 897 1934 μὲν

82 1934 229 1978 virgulis
252 1936 459 1969 includenda
481 1942 581 1978 sunt,
619 1949 684 1980 quo
721 1937 899 1980 intelliga-

82 1992 176 2025 mus,
201 1981 314 2026 ellipsi
338 1982 580 2023 usitatissima,
614 1983 698 2023 εἵως
730 1996 797 2027 μεν
830 1982 894 2026 ὅρ-

82 2039 194 2069 νυοςυε
228 2029 480 2069 hortabantur,
516 2031 683 2073 quamdiu
708 2031 896 2064 hortaban-

83 2078 162 2115 tur,
186 2075 279 2108 intus
305 2075 479 2119 Lapithae
497 2076 564 2109 duo
586 2077 754 2117 Graecos,
779 2082 817 2110 ιιι
830 2088 896 2110 ηα-

81 2131 142 2154 ves
155 2121 404 2164 defenderent3
436 2128 526 2165 tum,
555 2122 769 2156 irruent-ibus
801 2124 897 2157 Tro—

78 2167 196 2210 janis,
229 2173 330 2212 porta
361 2173 561 2213 eruperunt.
597 2169 630 2202 h.
650 2181 680 2202 e.
707 2170 898 2203 hortaban-

84 2218 143 2293 {im
157 2213 393 2258 aliquamdiu,
428 2215 539 2248 donec
570 2216 750 2250 conversio
783 2227 897 2249 rerum

112 2264 198 2293 eret.

133 2315 343 2352 147—159.
369 2315 580 2362 δέχαται.
595 2319 740 2361 (Matth.
758 2321 789 2361 ἓ.
803 2319 898 2361 164.)

83 2359 302 2407 ἐκδέχονται.
336 2363 520 2408 (excipere
548 2366 668 2400 solent.
712 2366 839 2399 Matth.
865 2368 898 2408 §.

85 2409 177 2450 503,
182 2410 254 2464 2.)
309 2414 463 2446 κολοσ.
502 2411 606 2455 παρὰ
637 2410 681 2445 τὸ
716 2412 762 2446 τά
788 2413 899 2468 ‚uana

86 2453 274 2499 ἐπισύρειν
309 2458 385 2500 (3),
419 2454 444 2501 ἢ
476 2457 540 2492 τὸν
572 2457 736 2501 κολῳὸν,
781 2456 898 2502 ἤγουν

85 2500 152 2536 τὸν
179 2501 366 2547 συριγμόν.
383 2504 585 2547 (vsimiliter
602 2505 670 2538 alii.
696 2504 828 2538 incerta
847 2509 900 2539 est

86 2548 218 2582 notatio
244 2550 345 2593 hujus
363 2550 472 2591 vocis,
498 2562 585 2595 quae
604 2552 738 2584 turbam
757 2557 791 2584 et
809 2556 901 2584 stre-

87 2594 193 2638 pitum
215 2596 495 2630 tumultuantium
524 2597 707 2639 significat
723 2597 739 2640 )
797 2597 899 2632 ἰόν-

87 2653 153 2675 τα.
190 2638 444 2696 ἐπερχόμενον.
505 2642 676 2687 δοχμιό.
723 2644 775 2683 εἰς
808 2643 902 2679 πλά-

87 2699 170 2743 γιον
200 2683 395 2731 ὁρμῶντες.
426 2689 584 2733 (δόχμια
609 2691 698 2724 dixit
721 2689 774 2732 ψ’,
802 2690 900 2734 116.)

91 2731 325 2778 ἄγνυτον.
383 2739 612 2777 κατακλῶσι,
662 2735 900 2772 κατάσσουσι.

89 2781 324 2837 πρυμνήν.
359 2781 397 2818 ἐκ
422 2782 545 2826 ῥιζῶν,
569 2781 736 2828 ἐσχάτην.
785 2779 902 2817 υπαὶ

93 2825 154 2862 δέ.
198 2825 274 2864 ’ὑπὸ
300 2827 340 2863 δὲ
367 2831 442 2864 τῶν
475 2829 654 2866 ὀδόντων.
703 2827 900 2874 κόμπος.

91 2873 229 2917 ψόφος.
265 2875 378 2918 (των
403 2875 477 2911 ἐπὶ
504 2875 763 2920 στήθεσσι,
794 2876 903 2932 Lapi-

91 2918 223 2953 tharum
246 2921 281 2954 in
306 2922 525 2979 pectoribuS,
562 2935 627 2957 non
652 2924 727 2957 ταῖν
749 2921 902 2967 χαλκός·

91 2965 249 3009 sequitur
273 2968 360 3001 enim
385 2967 502 3014 ἄντην
526 2971 626 3025 βαλλ.
640 2994 651 3010 ,
683 2971 782 3014 cujus
814 2968 902 3015 βάλ-

91 3012 222 3046 λεσθαι
245 3024 455 3059 consequens
477 3021 531 3050 est
553 3015 594 3052 τὸ
612 3017 799 3060 κομπεῖν.)
821 3019 901 3051 λα-

942 1473 1074 1506 οῒσιν
1105 1483 1138 1505 κ.
1172 1483 1210 1505 π.
1266 1471 1350 1510 τοῖς
1388 1465 1461 1504 <ind
1500 1467 1571 1502 τοῦ
1616 1465 1763 1510 τείχους

941 1515 1063 1562 όχλοις
1085 1516 1332 1562 θαρροὗντες.
1391 1514 1542 1557 ε’ραζε.
1585 1511 1667 1558 (π’,
1693 1512 1762 1547 459

941 1566 1032 1620 etc.)
1058 1566 1109 1606 εἰς
1133 1565 1203 1608 τήν
1215 1565 1309 1620 γῆν.
1346 1560 1475 1606 ζαής.
1502 1560 1593 1604 (Od.
1614 1559 1654 1601 ε’,
1679 1560 1762 1599 368,

941 1609 990 1656 μ,
1007 1613 1106 1656 313.)
1132 1608 1298 1657 μεγάλως
1316 1608 1451 1650 πνέων,
1467 1610 1605 1661 βίαιος.
1634 1606 1764 1650 (ταρ-

943 1657 1110 1702 φειάς,
1147 1670 1169 1692 a
1201 1672 1247 1692 τα
1250 1656 1417 1711 ρφειὸς,
1447 1654 1540 1700 quod
1582 1653 1674 1686 idem
1710 1652 1765 1696 τῷ

941 1703 1108 1750 ταρφὴς,
1134 1706 1262 1738 creber.
1317 1704 1363 1736 cf.
1387 1699 1429 1745 τ’,
1458 1703 1550 1741 357,
1575 1701 1658 1735 359.
1712 1698 1766 1732 sic

944 1753 1083 1797 quidem
1116 1751 1364 1790 Aristarchus,
1402 1753 1440 1782 ut
1480 1752 1605 1781 auctor
1643 1749 1698 1779 est
1734 1745 1764 1778 Α

942 1798 1083 1833 Schola
1073 1824 1083 1840 ‚
1108 1804 1145 1832 at
1169 1796 1357 1841 Dionysius
1382 1795 1504 1829 Thrax
1535 1792 1630 1827 haud
1657 1792 1763 1826 male·

942 1847 1143 1889 ταρφείας,
1170 1849 1209 1877 ut
1234 1855 1331 1887 ταχει
1329 1844 1402 1882 ’,ας
1427 1853 1447 1875 a
1471 1852 1633 1881 ταρφυς,
1662 1849 1766 1882 quam

942 1893 1085 1925 formam
1111 1891 1241 1925 habent
1264 1888 1456 1932 Aeschylus
1481 1887 1596 1921 Theb.
1621 1886 1705 1921 502.
1730 1888 1768 1918 et

942 1938 1097 1983 Hesych.
1123 1957 1168 1961 —
1192 1935 1475 1991 κατέχευεν,
1502 1932 1626 1977 ρέον.
1652 1934 1767 1965 meta-

943 1985 1053 2043 phora
1078 1983 1121 2016 ab
1146 1983 1266 2018 imbre.
1315 1980 1491 2027 ,,βε’λεα
1523 1979 1660 2023 ῥέον,
1701 1988 1766 2023 pro

943 2029 1044 2074 ῥέεν,
1070 2029 1257 2064 Homerica
1280 2028 1435 2073 figuraf‘
1461 2027 1491 2061 Ε
1513 2026 1632 2061 Schol.
1653 2026 1696 2058 A.
1729 2035 1764 2057 v.

942 2076 990 2122 η’,
1017 2078 1096 2112 102.

991 2134 1208 2169 160-163.
1236 2129 1352 2178 ἄμφ’
1379 2144 1414 2166 α.
1444 2127 1634 2166 ἀὺτευν.
1661 2127 1765 2172 ἀμφ-

945 2193 1082 2215 αυτευν
1116 2176 1233 2221 αὖον,
1278 2181 1312 2212 h.
1346 2191 1377 2212 e.
1414 2175 1509 2213 αὐόν
1544 2190 1599 2217 τι,
1647 2174 1765 2215 αὕως.

943 2228 1051 2261 Sch.:
1045 2267 1060 2283 -,-
1086 2225 1122 2260 αἱ
1158 2228 1443 2270 περικεφαλαῖαι
1476 2222 1516 2259 δε
1542 2221 1670 2258 αὐτῶν
1697 2223 1766 2267 ξη-

944 2273 1012 2318 ρὸν
1037 2286 1128 2331 ηχον
1147 2271 1362 2313 ἀπετέλουν,
1378 2269 1591 2316 περιήχουν.
1623 2267 1767 2304 αὕτευν

946 2333 1008 2366 pro
1036 2319 1169 2364 ἥχουν,
1202 2325 1241 2353 ut
1276 2317 1488 2376 καρφαλέον
1524 2318 1565 2353 δέ
1591 2316 1627 2351 οι
1654 2315 1767 2356 dunig

944 2367 1075 2409 ἐπιθρ
1065 2367 1211 2409 ’ξαντος
1237 2362 1350 2400 ἄν’σεν
1366 2363 1536 2409 ’Έγχεος,
1561 2363 1659 2397 velut
1684 2374 1767 2408 per-

945 2413 1138 2447 sonificatis
1163 2412 1284 2457 galeis.
1330 2413 1375 2445 cf.
1402 2410 1446 2452 ν’,
1471 2410 1551 2445 441.
1578 2410 1679 2443 etH.
1713 2409 1767 2443 Ε·

946 2460 1044 2495 αὖον
1079 2458 1119 2494 δε
1166 2460 1261 2505 βοᾷν
1297 2457 1545 2494 διαστέλλεται
1580 2458 1648 2513 τῆς
1688 2456 1768 2491 τοῖν

946 2505 1071 2550 υγρῶν
1096 2508 1189 2551 βοῆς
1214 2511 1281 2539 etc.
1327 2506 1382 2539 K:
1417 2499 1580 2546 ,,αὖον
1615 2501 1651 2537 ά.
1666 2528 1676 2544 ,
1715 2503 1768 2536 sie

948 2555 1141 2598 erklangen
1174 2553 1337 2593 trocloen,
1381 2551 1415 2583 d.
1455 2551 1479 2584 i.
1515 2550 1584 2584 wie
1617 2550 1768 2583 trockne

947 2581 1091 2643 muge„
1098 2612 1139 2633 zu
1177 2599 1320 2642 kllngen
1353 2598 1512 2653 pflegen:
1547 2596 1636 2630 denn
1669 2595 1768 2630 diese

948 2647 1070 2679 Helme
1104 2645 1180 2679 sind
1211 2645 1249 2688 ja
1283 2656 1343 2678 aus
1378 2642 1488 2682 αὔαις
1524 2644 1666 2688 βοείαις
1705 2654 1770 2686 ge-

949 2693 1075 2726 macht.
1119 2690 1162 2733 κ’,
1195 2692 1281 2732 258,
1314 2692 1393 2726 262.
1445 2690 1544 2735 Virg.
1570 2690 1705 2733 Georg.
1733 2690 1770 2729 l,

949 2741 1048 2774 357st
1083 2739 1203 2771 aridus
1229 2738 1311 2771 altis
1342 2737 1514 2770 Montibus
1538 2736 1657 2769 audiri
1679 2738 1771 2777 fra-

947 2797 1038 2829 gor,
1066 2785 1097 2818 h.
1126 2797 1154 2818 e.
1182 2783 1354 2818 aridorum
1382 2784 1589 2826 lignorumf‘
1627 2786 1771 2814 nostra-

948 2838 1002 2865 tes
1028 2831 1062 2864 id
1089 2830 1205 2864 dicere
1235 2830 1348 2863 solent
1367 2830 1447 2862 hom
1468 2830 1623 2873 klingcn.
1651 2828 1767 2861 Voss.-

947 2878 1020 2910 υιιιὶ
1040 2879 1167 2921 ‹lumps
1181 2878 1280 2920 rings
1303 2877 1469 2910 lcrachtcn
1493 2876 1549 2908 die
1578 2875 1771 2908 helmen—

950 2925 1036 2969 Apa
1060 2902 1339 2978 ‘avlam-{qm
1385 2920 1593 2966 μυλοειδέσι
1629 2923 1767 2961 λίθοις.

948 2970 1052 3004 semel
1076 2970 1174 3003 dixit.
1217 2967 1263 3024 η’,
1289 2971 1387 3005 276:
1418 2967 1610 3012 μυλοειδέϊ
1631 2967 1766 3012 πέτρω.

949 3013 1051 3051 ἀσπ.
1078 3014 1186 3061 ὀμφ.
1256 3015 1371 3058 448.
1396 3034 1439 3039 -
1465 3020 1666 3060 comparant
1688 3026 1765 3049 cum
