1847 3277
186 287 361 366 medontgni‚
383 327 419 357 et
442 323 548 368 pedes
573 323 724 357 dimicat.

36 1581 125 1617 dixit
141 1582 253 1627 μένος
283 1582 431 1620 ἐσθλόν.
450 1604 496 1611 ——
529 1586 848 1630 τοῖσι,Τ1·ο]”11-

37 1629 102 1663 nis.
133 1628 160 1666 ε’
170 1654 180 1671 ,
213 1629 313 1667 124.·
335 1633 493 1676 θαρσῶν
523 1634 613 1676 νῦν,
647 1633 848 1676 Διόμηδες,

37 1673 97 1711 ἐπὶ
131 1675 293 1732 Τρώεσσι
313 1677 510 1737 μάχεσθαι
535 1684 601 1714 etc.
626 1699 671 1706 —
705 1678 849 1725 ἀχνύ-

36 1721 180 1766 μενός
202 1736 285 1768 περ
308 1723 389 1767 ἐτη,
414 1727 572 1770 quamvis
592 1727 710 1760 dolens
739 1728 847 1761 vicem

36 1769 167 1803 sodalis
194 1770 368 1812 Patrocli,
399 1776 514 1806 tamen
540 1773 631 1806 haud
660 1773 848 1819 desperans

38 1825 148 1873 neque
159 1827 318 1860 ignavus
341 1818 402 1851 sed
425 1818 542 1852 alacer
559 1819 602 1852 ad
614 1820 848 1863 pugnandum.

38 1880 82 1886 —-
108 1860 273 1903 ἵπποις
299 1861 490 1899 ἀΐσσων.
518 1863 584 1908 (ζ’,
611 1867 692 1907 510,
717 1865 769 1907 θ’,
793 1868 850 1902 88.

37 1908 126 1951 etc.)
160 1908 228 1944 οὑν
263 1913 343 1951 τοῖς
367 1911 497 1952 ιπποις
528 1911 665 1955 ὁρμῶν.
697 1892 778 1948 Sch'.
802 1931 850 1938 --

38 1953 284 1997 αἰγυπιός.
323 1955 378 2001 η’,
419 1959 486 1999 59,
519 1955 573 1999 ν’,
607 1960 673 1994 531
707 1966 773 1994 etc.
803 1978 850 1984 —

36 2001 198 2044 χῆνας.
222 2003 274 2048 β’,
300 2002 392 2045 460,
427 2002 480 2045 ο’,
505 2004 574 2039 690
594 2023 635 2029 -
660 2005 748 2046 692,
782 2009 848 2039 etc.

36 2047 141 2092 Soph.
149 2049 264 2104 Ajace
282 2049 379 2085 168..
403 2053 646 2094 παταγοῦσιν,
669 2048 735 2087 ἅτε
756 2065 850 2097 πτη-

36 2094 113 2127 νῶν
136 2092 261 2139 ἀγέλαι
284 2095 417 2140 Μέγαν
441 2098 501 2142 aly
503 2096 627 2133 υπιόν.

83 2139 204 2175 461-
214 2141 295 2178 467.
325 2142 410 2187 ῥέα
450 2113 736 2188 μονοσυλλαβως
769 2155 851 2189 pro-

39 2186 257 2222 nuntiandum
287 2196 359 2231 est,
385 2195 424 2224 ut
447 2203 504 2235 ap.
534 2191 722 2225 Hesiodum
751 2190 849 2237 prin-

39 2231 128 2286 cipio
139 2230 296 2289 Ἔργων.
321 2236 366 2272 cf.
385 2234 437 2278 ν’,
463 2239 541 2272 101.
568 2257 611 2262 -
638 2234 847 2280 ὀπάζων,

39 2274 199 2314 διώκων.
224 2279 264 2324 ε’,
289 2282 370 2322 334,
393 2282 446 2325 θ,
473 2285 551 2325 103,
575 2282 655 2320 340.
688 2302 721 2307 -
745 2282 846 2319 σεύ-

39 2337 144 2360 αιτο
169 2327 588 2384 recteHetW‚auct01-e
600 2331 778 2366 Barnesio.
799 2330 844 2363 li-

36 2371 122 2404 bri.=
144 2369 198 2407 ὅτ’
219 2371 422 2416 ἐσσεύαιτο,
443 2376 499 2410 vel
520 2375 694 2412 ἐσσεύατο
715 2378 769 2411 vel
781 2376 844 2410 de-

36 2417 142 2464 nique
160 2417 338 2456 ἐσσεύετο.
355 2440 400 2446 -
418 2422 518 2456 S..ch
545 2423 657 2469 ἱερῷ
676 2422 745 2459 ἐνὶ
771 2423 844 2457 δί-

36 2464 278 2553 3253272‘32
280 2464 495 2558 ἵὲἴὲἒὶῗὲιὲ.
512 2458 642 2560 {2⁹58}
652 2468 850 2550 5233?ss

38 2566 108 2591 mm
128 2552 305 2594 rationum
308 2560 395 2594 mala
405 2567 470 2602 est,
489 2568 644 2606 praestat
654 2570 765 2597 tamen
776 2563 849 2596 for-

35 2607 128 2637 tasse
157 2605 273 2650 prior,
304 2607 580 2651 quemadmodum
610 2609 708 2643 Hom.
747 2607 848 2652 ἱερὸν

36 2647 148 2692 ἰχθὺν
163 2651 310 2693 dixitn,
320 2654 398 2687 407.
419 2655 540 2698 ingens
553 2654 712 2696 Achilles,
727 2655 849 2700 ingens

35 2698 73 2728 et
93 2696 169 2739 ejus
191 2709 323 2733 currus.
359 2699 503 2734 difficile
533 2701 640 2734 fuisse
667 2702 716 2735 ait
742 2704 849 2735 Auto-

35 2741 185 2776 medonti
200 2745 298 2779 simui
315 2757 473 2791 pugnare
503 2752 539 2781 et
568 2758 676 2791 equos
700 2747 844 2781 validis-

32 2797 135 2867 {gx-:lon
161 2799 293 2835 regere.
323 2810 368 2817 -·
413 2792 456 2826 de
479 2794 712 2828 Alcimedonte
733 2806 764 2828 v.
792 2792 844 2836 π’,

77 2879 194 2915 469-
209 2880 288 2917 473.
313 2883 417 2918 Sch.:
409 2884 675 2941 .νηκερδέα.
695 2885 842 2940 (Odyss.

31 2923 84 2966 ξ’,
108 2927 210 2970 509.)
239 2925 398 2985 ἀκερδῆ,
424 2929 621 2988 ἀνωφελῆ,
645 2931 841 2988 βλαβεράν.

34 2990 70 2996 -
100 2970 230 3014 οἷον,
255 2972 315 3015 ὥς.
340 2995 384 3001 -
423 2977 570 3021 πρώτῳ
596 2978 644 3014 ἐν
672 2977 840 3024 ὁμίλῳ.

28 3016 117 3052 idem
157 3021 192 3053 in
233 3021 488 3066 superioribus,
528 3025 621 3066 330,
665 3026 754 3059 dixit
785 3025 840 3061 ἐνὶ

73 3075 216 3111 Bonum.
242 3077 304 3115 111.

613 165 1046 208 ΙΛΙΑΔΟΣ
1110 168 1160 208 Ρ.

1658 174 1714 214 33

267 285 361 320 pugn
364 280 400 311 at
434 288 453 311 e
477 287 577 311 curru
607 275 758 312 Achilleo
783 275 1020 317 Automedon3
1052 275 1113 311 sed
1146 277 1251 322 paulo
1287 283 1366 324 post
1390 282 1496 317 tradit
1519 296 1593 318 eum
1620 284 1714 319 Alci-

216 394 331 433 τοῖσι
362 389 409 434 δ’
435 388 507 433 ἐπ’
534 389 805 460 Αὐτομέδων
833 388 992 446 μάχετ’,
1025 389 1268 446 α’χνύμενύς
1295 407 1374 445 περ
1404 393 1596 451 ἑταίρου,

107 447 234 492 460
221 448 372 498 ι’πποις
400 445 587 501 ἀΐσσων,
619 446 729 491 ωστ’
759 449 965 503 αἰγυπιὸς
993 447 1098 502 μετὰ
1125 451 1273 517 χῆνας.

219 503 298 557 ῥέα
328 505 408 575 μὲν
435 504 520 558 γὰρ
551 505 796 574 φεύγεσκεν
818 504 930 547 ὑπὲκ
963 504 1130 556 Τρώων
1159 503 1435 575 ὀρυμαγδοῦ,

223 560 320 612 ῥεῖα
352 559 396 603 δ’
427 561 658 612 ἐπαΐξασκε
686 559 830 604 πολύν
862 558 963 604 καθ’
999 560 1156 617 ὅμιλον
1187 559 1374 615 ὀπάζων,

218 614 318 659 ἀλλ’
347 615 428 688 οὐχ
456 616 570 691 ᾕρει*
586 634 760 679 φωτας,
791 616 861 660 ὅτε
891 616 1071 661 σεύαιτο
1101 615 1298 661 διώκειν·

217 672 274 716 ού
302 673 388 745 γάρ
417 689 511 725 πως
539 680 597 730 ἠν
628 679 729 718 οἰον
759 672 886 717 ἐόνθ’
918 676 1022 729 ἱερῷ
1055 673 1118 717 ἐνὶ
1148 676 1294 731 δίφρω

104 731 187 775 465
217 730 330 784 ἔγχει
360 731 669 802 ἐφορμᾶσθαι,
699 731 769 774 καὶ
802 730 990 800 ἐπίσχειν
1020 729 1158 781 ώκὲας
1188 733 1363 782 ἵππους.

218 785 300 833 ὀψὲ
330 786 377 830 δε
408 788 462 843 δή
492 805 569 842 μιν
599 787 771 841 ἑταῖρος
800 787 913 844 ἀνὴρ
943 790 1038 831 ἴδεν
1068 787 1374 844 ὀφθαλμοῖσιν

216 842 505 898 Ἀλκιμέδων,
534 845 632 896 υίὸς
660 844 882 899 Λαέρκεος
902 847 1176 917 Αἰμρνίδαο,

218 904 298 956 στῆ
327 899 372 944 δ’
413 901 574 945 ὄπιθεν
604 903 811 957 δίφροιο,
842 918 916 945 και
946 900 1264 972 Αὐτομέδοντα
1292 900 1549 956 προσηύδα·

299 955 621 1025 ,,Αυτόμεδον,
653 962 718 1011 τίς
749 961 817 1002 τοί
843 975 899 1001 νυ
928 962 1049 1002 θεῶν
1079 957 1293 1013 νηκερδέα
1323 958 1493 1027 βουλην

101 1015 186 1058 470
216 1014 262 1057 ἐν
293 1013 527 1070 στήθεσσιν
556 1015 710 1071 ἔθηκε,
743 1017 816 1058 καὶ
845 1014 1009 1066 ἐξέλετο
1040 1016 1207 1069 φρένας
1237 1013 1421 1066 ἐσθλάς,

215 1067 315 1113 οἷον
344 1071 456 1125 πρὸς
492 1075 647 1124 Τρωας
676 1088 832 1127 μαχεαι
861 1071 1021 1142 πρώτῳ
1053 1071 1100 1114 ἐν
1130 1071 1268 1140 ὁμίλῳ

214 1130 408 1182 μοῦνος,
439 1126 551 1198 ἀτάρ
581 1145 650 1172 τοι
680 1129 851 1182 ἑταῖρος
880 1127 1119 1177 απέκτατο,
1149 1127 1300 1183 τεύχεα
1329 1126 1378 1172 δ’
1396 1125 1567 1182 Ἕκτωρ

213 1183 346 1235 αὐτὸς
371 1185 482 1257 ἔχων
512 1185 698 1257 ω’μοισιν
727 1185 961 1241 αγάλλεται
990 1186 1221 1229 Αἰακίδαο.
1237 1191 1265 1210 “

297 1242 386 1285 Τὸν
419 1241 464 1285 δ’
496 1240 598 1286 αυτ’
629 1242 898 1314 Αὐτομέδων
926 1242 1150 1310 προσέφη,
1182 1240 1383 1295 Διώρεος
1411 1239 1528 1293 υἱός·

98 1298 181 1343 475
212 1295 514 1371 ,,Ἀλκίμεδον,
545 1300 609 1350 τίς
637 1317 720 1371 γαρ
750 1317 818 1344 τοι
842 1297 1028 1355 Ἀχαιών
1058 1298 1190 1349 ἄλλος
1220 1297 1375 1354 ὁμοῖος

211 1356 357 1398 ι’ππων
387 1354 624 1400 αθανοὲτων
653 1357 801 1413 ἐχέμεν
826 1358 986 1425 δμῆσίν
1013 1371 1059 1398 τε
1089 1356 1219 1411 μένος
1249 1371 1306 1409 τε,

213 1414 250 1455 εἰ
279 1412 337 1483 μή
371 1413 648 1468 Πάτροκλος,
679 1414 844 1476 θεόφιν
875 1412 1057 1485 μήστωρ
1086 1412 1344 1464 ἀτάλαντος,

213 1471 320 1523 ζωὸς
349 1470 458 1521 ἐωνς
488 1475 573 1514 νῦν
604 1469 647 1514 δ’
678 1476 736 1516 αὐ
762 1471 960 1522 θάνατος
987 1469 1064 1514 καὶ
1092 1474 1227 1527 μοῖρα
1256 1483 1444 1526 κιχανει,

893 1582 1027 1640 πρώτῳ
1050 1579 1193 1630 ὁμάδῳ.
1208 1603 1254 1610 -
1279 1580 1537 1618 απέκτατο.
1559 1578 1603 1622 ο’,
1625 1581 1707 1617 437.

895 1651 940 1657 --
957 1627 1013 1674 dy
1023 1617 1234 1666 ἅλλεται.
1258 1627 1309 1671 σ’,
1336 1631 1424 1671 132,
1448 1626 1503 1675 β,
1529 1627 1597 1663 462
1617 1636 1684 1662 etc.

940 1676 1062 1713 475-
1072 1677 1152 1713 479.
1177 1676 1405 1722 hyperbaton.
1425 1688 1456 1709 v.
1480 1686 1556 1708 ann.
1568 1675 1611 1708 ad
1626 1675 1707 1711 252.

894 1743 941 1750 —
967 1720 1152 1768 ομοῖος
1177 1742 1220 1749 -
1245 1723 1390 1767 μένος
1425 1734 1493 1762 τε,
1526 1721 1646 1755 similis
1673 1721 1707 1754 in

895 1782 948 1812 eo,
974 1778 1015 1804 ut
1033 1771 1160 1805 habeat
1181 1773 1387 1815 potestatem
1408 1774 1446 1803 et
1462 1768 1620 1802 domandi
1635 1767 1709 1801 siv-

894 1816 1065 1852 retinendi
1087 1827 1195 1861 equos
1212 1815 1438 1856 immortales,
1462 1819 1498 1848 et
1522 1814 1708 1847 immitten-

896 1863 932 1897 di
952 1874 1011 1898 eos
1029 1862 1198 1897 fortiter·
1188 1873 1222 1896 1n
1241 1862 1383 1895 hostem.
1422 1860 1457 1894 id
1489 1861 1627 1894 concise
1653 1860 1708 1894 di-

896 1909 949 1944 xit
970 1908 1064 1954 ἔχειν
1088 1909 1224 1953 δμῆσιν
1247 1908 1308 1942 καὶ
1333 1908 1443 1951 μένος
1467 1906 1609 1946 mnan,
1642 1906 1707 1940 ha-

896 1957 982 1990 bere
1011 1956 1047 1989 in
1075 1967 1177 1990 manu
1207 1966 1268 1989 sua
1298 1960 1335 1988 et
1372 1953 1635 1997 castigationem
1673 1958 1708 1987 et

895 2002 962 2036 vim
981 2013 1166 2047 equorum3
1190 2000 1470 2046 quemadmodum
1492 1998 1589 2044 Virg
1625 2000 1708 2032 Aen.

898 2051 939 2090 1,
974 2050 1030 2084 62.
1065 2048 1205 2082 Aeolum
1229 2047 1316 2080 dicit
1332 2057 1474 2091 regem,
1499 2047 1557 2089 qui
1582 2046 1708 2089 foede—

894 2107 933 2128 re
964 2099 1056 2129 certo
1082 2100 1115 2128 et
1133 2105 1291 2138 premere
1320 2099 1354 2127 et
1382 2095 1483 2127 laxas
1505 2093 1593 2126 sciat
1622 2093 1708 2126 dare

886 2142 1006 2184 jussus
1034 2141 1190 2174 habenas
1222 2145 1413 2174 ventorum.
1451 2138 1570 2195 putide
1592 2136 1708 2174 Ε·τὸ

895 2189 1050 2223 ἵππων
1075 2185 1205 2232 ἔχειν
1230 2187 1408 2230 δμῆσίν
1432 2198 1478 2221 τε
1500 2184 1708 2229 μένοςτε

892 2236 1115 2292 περίφρασίς
1139 2232 1215 2268 ἐστι
1246 2234 1316 2267 τοῦ
1349 2232 1486 2274 ΐππους
1518 2231 1706 2275 δαμάζειν.

892 2280 1018 2317 διττὸν
1035 2279 1074 2315 δε
1091 2280 1261 2316 ἐνταῦθα
1273 2279 1316 2315 τὸ
1339 2278 1430 2335 ἔχε
1422 2292 1477 2313 ιν.
1502 2276 1620 2319 αλλως
1636 2292 1707 2324 γαρ

888 2327 959 2373 ἔχει
969 2341 1025 2369 τις
1037 2327 1200 2372 δμῆσιν”
1181 2339 1316 2367 ιππων,
1333 2325 1394 2361 καὶ
1406 2322 1522 2366 αλλως
1533 2325 1644 2369 με’νος
1653 2326 1707 2360 ἴπ-

887 2388 979 2410 πων.
1000 2375 1178 2430 δμῆσιν
1198 2372 1278 2432 μὲν
1280 2370 1350 2417 γὰρ
1367 2371 1464 2417 ἔχει
1481 2370 1708 2408 ammio?-

887 2423 974 2481 δΗεν,
981 2435 1030 2462 ως
1040 2418 1278 2465 ἐπιστήμην”
1259 2430 1372 2464 εχων·
1389 2418 1501 2475 μένο
1515 2432 1532 2459 ς
1549 2417 1629 2454 δὲ’
1610 2431 1684 2477 εχε
1694 2432 1707 2453 ι

893 2467 978 2504 ἀντὶ
1002 2469 1071 2503 τοῦ
1093 2466 1232 2527 ἐπέχει,
1254 2468 1391 2510 κρατεῖ
1415 2463 1615 2510 ὁμώνυμος
1637 2461 1707 2501 οὖν

895 2511 991 2560 αὕτη
1008 2516 1100 2558 λέξις
1113 2511 1208 2549 οὖσα
1231 2514 1414 2570 μερίζεται
1437 2511 1533 2557 πρός
1554 2525 1593 2548 τε
1615 2525 1707 2553 τους

893 2562 1052 2603 ιππους,
1075 2561 1170 2604 πρός
1194 2573 1231 2596 τε
1253 2559 1296 2596 τὸ
1321 2558 1448 2604 μένοςε
1483 2558 1581 2602 quasi
1612 2558 1704 2592 aliud

894 2610 941 2643 sit
968 2619 1132 2665 equorum
1165 2608 1300 2652 διιῆσιν
1334 2607 1447 2650 ἔχειν,
1472 2605 1564 2639 aliud
1590 2616 1704 2638 eornm

893 2655 1003 2700 μένος
1025 2653 1184 2698 ἐπέχειν,
1219 2658 1257 2687 ut
1274 2653 1332 2687 ille
1342 2653 1618 2707 interpretatur,
1645 2657 1705 2684 aut

894 2701 1044 2736 discerni
1071 2700 1180 2746 possit
1219 2700 1270 2740 is,
1292 2710 1351 2744 qui
1368 2699 1485 2731 domat
1505 2708 1635 2742 equos,
1660 2697 1704 2729 ab

891 2749 970 2789 ino,
996 2747 1054 2793 qui
1081 2747 1147 2781 vim
1180 2757 1294 2780 eorum
1320 2749 1426 2790 atque
1450 2744 1611 2788 impetum
1632 2743 1704 2775 fre-

889 2800 950 2828 nat
982 2801 1018 2828 et
1048 2794 1197 2827 cohibet.
1253 2803 1297 2826 ne
1331 2791 1439 2824 dicam
1468 2789 1510 2822 de
1556 2788 1702 2831 duplici,

888 2852 987 2886 quam
1013 2840 1114 2874 sumit
1142 2837 1406 2883 grammaticus,
1435 2834 1703 2885 significatione

887 2888 957 2921 τοῦ
981 2884 1121 2929 ἐχέμεν·
1163 2897 1254 2939 quae
1291 2884 1380 2917 ratio
1411 2892 1586 2935 perquam
1604 2877 1704 2914 iuve-

888 2939 1060 2968 nustaest.
1077 2951 1122 2956 --
1146 2928 1329 2975 θεόφιν
1353 2927 1563 2984 μήστωρ
1563 2922 1629 2961 ἅτ.
1653 2926 1702 2971 η’,

887 2981 976 3021 366,
1003 2978 1052 3022 ξ’,
1077 2979 1296 3032 318131οὲ-
1322 2976 1409 3009 νῦν
1434 2971 1475 3007 δ’
1500 2973 1575 3008 αὑ.
1601 2974 1701 3008 codd.

887 3025 1146 3072 quidam=v17v
1191 3017 1262 3067 αὖ,
1289 3021 1338 3056 uti
1364 3026 1399 3056 et
1430 3020 1522 3055 infra
1551 3019 1631 3055 672.
1665 3026 1701 3054 et

1398 3083 1426 3120 :3
