1847 3277
8 181 13 329 f

7 365 11 449 t'

7 487 10 536 l

178 583 282 619 dicat.

0 930 8 962 i

0 995 8 1059 ξι

4 1078 7 1143 l

2 1187 8 1259 l
40 1218 93 1250 est
108 1214 301 1260 Koeppenii
319 1213 497 1259 etHeynei
513 1214 694 1248 sententia.
719 1214 774 1248 cui
791 1225 852 1248 ne-

39 1273 207 1307 quaquam
234 1260 435 1300 subscribo3
459 1261 522 1294 sed
545 1261 629 1294 nihil
652 1272 764 1294 rerum
789 1260 851 1294 hu·-

38 1318 210 1341 manarum
235 1306 367 1351 antiqui
397 1285 447 1339 illi
472 1306 528 1351 agi
560 1307 746 1341 credebant
777 1307 853 1340 sine

39 1353 176 1386 deorum
194 1352 327 1386 numine
350 1357 456 1396 atque
475 1353 613 1388 auxilio.
650 1353 686 1386 id
710 1364 850 1397 quomo-

39 1399 84 1432 do
109 1398 184 1432 fieri
209 1404 349 1443 posset,
374 1409 447 1431 cum
472 1399 644 1432 contraria
667 1410 772 1443 saepe
797 1410 851 1431 es-

40 1450 118 1478 sent
142 1446 312 1478 hominum
336 1444 474 1484 studia,
504 1456 614 1488 neque
637 1445 849 1488 cogitabant,

39 1502 150 1534 neque
175 1491 357 1523 curabant·
382 1501 492 1534 neque
517 1491 604 1523 enim
630 1491 848 1535 philosopha—

38 1537 182 1579 bantur,
221 1537 280 1570 sed
315 1536 350 1569 in
385 1547 468 1579 agro
501 1542 559 1570 aut
592 1537 679 1570 bello
715 1535 850 1581 operati

39 1587 150 1616 erant.
188 1581 359 1628 politioris
391 1581 468 1614 aeui
503 1587 555 1615 est
579 1593 662 1615 usus
687 1582 744 1615 ille
767 1594 849 1615 ver-

39 1628 185 1668 borum,
216 1639 315 1672 quem
348 1628 381 1660 H
406 1627 509 1668 dicit,
542 1628 713 1672 figuratus
745 1634 850 1673 atque

37 1653 264 1718 symbolicum
298 1674 418 1718 Argivi
454 1674 504 1706 illi
537 1680 572 1707 et
597 1674 741 1718 Trojani
767 1685 849 1719 pro-

38 1720 114 1764 prie
147 1720 395 1764 loquebantur,
438 1719 694 1765 identidemque
733 1731 848 1754 coram

37 1765 104 1799 sibi
128 1765 192 1798 visi
216 1766 298 1799 deos
319 1765 515 1810 adspicere,
543 1778 683 1811 cumque
705 1766 748 1799 iis
775 1766 847 1799 col-

37 1811 152 1855 loqui,
178 1823 243 1844 non
261 1818 356 1845 certe
379 1823 470 1844 mera
492 1812 569 1845 illos
588 1813 723 1846 nomina
747 1812 846 1846 fabu-

35 1857 156 1902 lasque
179 1868 253 1891 esse
277 1858 544 1891 arbitrabantur.

87 1905 165 1938 195.
199 1902 406 1947 ῥύεσθαι
440 1904 579 1958 primam
613 1902 758 1947 corripit
786 1914 844 1936 se-

36 1957 166 1995 quente
197 1950 324 1987 vocali,
359 1955 397 1983 ut
428 1948 480 1990 κ’,
517 1951 595 1984 259.
645 1949 751 1982 Sch:
785 1945 845 1989 ὥς

35 1995 110 2031 ἐνὶ
141 1997 278 2041 θυμῷ
313 1993 523 2043 βάλλεαι.
558 1994 607 2036 ὡς
638 1994 732 2029 κατὰ
762 1993 844 2030 διά-

34 2055 145 2077 νοιαν
168 2032 290 2087 ἔννοῇ.

84 2090 292 2123 196-198,
316 2086 367 2132 ρ’,
390 2089 489 2122 30—
499 2088 555 2121 32.
585 2087 708 2120 similia
725 2086 843 2120 simili-

37 2135 102 2168 bus
134 2135 169 2167 in
203 2135 306 2168 rebus
340 2135 445 2167 xerba
480 2145 546 2166 non
582 2133 715 2166 fastidit
741 2136 843 2186 poeta

34 2180 177 2225 simplex
195 2186 230 2213 et
247 2181 492 2214 rhetoricorum
509 2179 753 2212 artificiorum·
746 2191 843 2223 igna-

34 2237 106 2260 ruS.
131 2226 360 2270 appinxerunt
370 2231 480 2259 tamen
496 2225 588 2259 hisce
599 2225 719 2258 Veneti
732 2226 843 2258 Scho-

34 2271 157 2305 liastae
189 2273 370 2306 asteriscos
402 2283 500 2312 suos,
539 2278 699 2315 tanquam
731 2271 842 2305 altero

34 2317 93 2351 illo
118 2318 192 2351 loco
212 2319 382 2359 sublectis,
408 2330 495 2362 quae
514 2323 548 2351 et
573 2317 653 2351 huic
672 2323 740 2352 tam
761 2323 844 2363 apta

36 2363 107 2396 sint
130 2375 228 2407 quam
253 2375 342 2408 quae
367 2364 518 2398 maxime.

81 2420 161 2454 200.
199 2420 383 2454 orationem
418 2432 500 2454 sane
536 2420 700 2464 prolixam
722 2420 844 2465 incipit

36 2466 190 2507 Aeneas,
227 2466 286 2499 sed
312 2467 450 2500 eandem
483 2478 595 2500 rerum
627 2466 842 2510 antiquarum

35 2511 160 2545 notitia
185 2512 367 2553 refertam,
402 2513 517 2556 itaque
541 2512 736 2553 ferendam,
768 2524 841 2546 cum

35 2558 238 2602 praesertim
263 2558 445 2592 verisimile
468 2559 532 2598 sit,
566 2561 696 2602 poetam
723 2570 764 2591 ex
788 2558 842 2591 in-

0 2602 5 2648 l
35 2603 167 2637 dustria
202 2604 441 2648 jactantiorem
476 2603 618 2637 finxisse
652 2604 842 2647 Trojanum

0 2651 5 2696 l
35 2648 189 2692 heroem,
226 2661 292 2694 quo
325 2651 431 2695 magis
462 2650 591 2684 Graeci
625 2650 757 2683 minime
789 2651 841 2683 lo-

0 2701 5 2730 Ι
34 2705 124 2739 quax
148 2696 258 2729 virtus
290 2697 450 2730 eluceret.
488 2696 539 2730 sic
561 2697 662 2729 etiam
689 2696 841 2730 Glaucus

1 2734 5 2776 l
35 2751 103 2774 non
127 2741 237 2785 parcit
261 2743 375 2776 verbis
399 2743 474 2777 loco
498 2742 619 2782 simili,
644 2740 694 2783 ζ,
721 2741 840 2777 145-

34 2787 114 2821 211.
138 2786 313 2830 cogitabat
335 2794 446 2823 tamen
466 2789 552 2823 haec
575 2788 609 2821 in
631 2787 752 2827 animo,
777 2786 840 2820 nisi

36 2830 157 2873 fallor,
198 2837 233 2865 et
265 2835 423 2869 nonnulla
462 2833 626 2879 ejusmodi
660 2833 841 2887 Horatius,

1 2867 5 2910 l
37 2888 113 2910 cum
136 2877 195 2911 illa
217 2879 385 2914 scriberet
410 2884 448 2915 A.
474 2881 511 2914 P.
536 2879 841 2923 357.:m2·h1·‚qni

0 2920 5 2955 l
36 2924 182 2957 multum
206 2930 336 2966 cessat,
357 2928 398 2968 fit
422 2928 596 2961 Choerilus
618 2926 695 2967 ille,
733 2926 841 2968 Quem

1 2966 5 3001 l
36 2970 88 3002 bis
104 2974 221 3013 terque
239 2970 360 3004 bonum
379 2984 454 3006 cum
470 2974 540 3007 risu
559 2973 675 3013 miror,
696 2977 728 3006 ct
749 2972 840 3005 idem

2 3038 5 3058 ⁴.
39 3016 219 3061 Indignor,
239 3018 443 3064 quandoque
460 3019 569 3054 bonus
587 3018 750 3053 dormitat
767 3018 838 3052 Ho-

627 166 1062 208 ΙΛΙΑΔΟΣ
1118 168 1158 205 Γ.

1628 168 1710 206 133

106 282 186 326 195
218 276 318 321 ἀλλ’
354 275 408 321 οὗ
438 279 521 320 νῦν
553 287 599 319 σε
625 275 816 347 ῥύεσθαι
840 273 1020 345 ,ὀΐομαμ
1052 291 1111 324 ως
1141 271 1204 316 ἐνὶ
1230 277 1363 329 θυμῷ

216 334 407 391 βάλλεαι.
453 332 561 376 ἀλλά
592 331 636 376 σ’
668 331 793 388 ἔγωγ’
814 329 1169 402 ἀναχωρήσαντα
1198 318 1360 372 κελεύω

217 392 259 443 ἐς
288 390 461 446 πληθὺν
490 389 626 442 ἰέναι,
658 389 765 444 μηδ’
796 387 945 438 α’ντίος
973 386 1116 431 ἱστασ’
1145 387 1285 455 ἐμεῖο,

214 448 321 502 πρίν
350 464 391 490 τι
421 444 561 490 κακόν
589 446 793 489 παθέειν·
827 445 980 501 ῥεχθὲν
1010 442 1056 488 δέ
1085 459 1129 487 τε
1158 441 1315 500 νήπιος
1344 441 1465 497 ἔγνω.
1479 446 1505 468 “

260 537 315 572 cui
337 547 400 582 par
434 547 495 582 pro
527 535 605 581 pari
626 538 760 570 Aeneas
783 535 939 570 referens
969 545 1076 579 genus
1105 545 1200 568 suum
1225 531 1400 577 antiquum
1435 536 1470 567 et
1501 544 1584 578 opes
1608 544 1709 580 prae-

301 648 390 692 Τὸν
420 647 463 692 δ’
495 644 595 691 αὖτ’
625 648 802 699 Αἰνείας
831 646 1115 704 ἀπαμείβετο,
1145 644 1350 716 φώνησέν
1378 660 1444 689 τε·

100 712 184 753 200
214 707 466 762 ,,Πηλείδη,
496 705 554 762 μή
587 705 640 760 δή
669 703 709 775 μ’
740 704 905 748 ἐπέεσσί
933 720 1007 766 γε,
1039 703 1255 772 νηπύτιον
1286 701 1366 770 ᾡς,

211 763 334 806 ε’λπεο
367 764 650 814 δειδίξεσθαι,
681 761 771 804 ἐπεὶ
801 761 924 817 σαφα
954 759 1055 804 οἶδα
1091 761 1163 803 καὶ
1195 758 1329 810 αὐτός

210 818 318 874 ἡμὲν
347 820 577 887 κερτομίας
605 816 675 874 ἠδ’
709 819 867 861 αἴσυλα
895 818 1195 874 μυθήσασθαι.

211 877 335 931 ἴδμεν
365 875 403 919 δ’
438 874 638 946 ἀλλήλων
666 875 836 946 γενεὴν,
873 876 998 930 ἴδμεν
1032 875 1076 918 δὲ
1105 876 1288 928 τοκῆας,

210 931 418 986 πρόκλυτ’
447 931 681 1003 ἀκούοντες
711 931 812 974 ε’πεα
840 934 1018 986 θνητῶν
1052 929 1333 999 ἀνθρώπων·

96 991 178 1034 205
209 987 309 1039 ὄψει
339 987 383 1032 δ’
415 987 510 1031 οὔτ’
542 1005 630 1042 αρα
660 1004 726 1030 πω
756 988 811 1030 συ
821 988 974 1055 ἐμούς
1003 990 1112 1037 ιδες,
1144 986 1230 1029 οὔτ
1264 983 1333 1038 α’ρ’
1364 981 1448 1039 ἐγω
1479 980 1599 1034 σούς.

209 1046 318 1099 φασὶ
348 1045 394 1088 σὲ
423 1045 502 1099 μὲν
533 1048 711 1099 Πηληος
742 1042 969 1099 ἀμύμονος
999 1045 1182 1097 ε’κγονον
1211 1040 1346 1090 εἶναι,

208 1102 371 1157 μητρὸς
401 1101 446 1144 6'
477 1101 524 1144 ἐκ
557 1101 757 1153 Θέτιδος,
787 1101 1146 1157 καλλιπλοκάμου
1178 1096 1447 1153 ἁλοσύδνης·

898 1225 1020 1248 merus.
1041 1233 1087 1238 —
1118 1212 1220 1247 Sch.:
1246 1208 1497 1254 νηπύτιον.
1525 1205 1639 1253 (244,
1664 1205 1707 1255 ν’

897 1262 966 1295 292
987 1261 1068 1304 etc.)
1094 1258 1251 1303 νήπιον,
1276 1256 1441 1300 αφρονα.

942 1306 1154 1342 201-204.
1189 1304 1340 1340 ε’λπεο.
1367 1303 1457 1343 432,
1481 1298 1526 1342 ι’,
1549 1301 1638 1340 371,
1663 1298 1707 1342 κ’,

897 1352 963 1387 355
992 1357 1058 1386 etc.
1096 1371 1139 1378 —
1185 1350 1511 1392 δειδίξεσθαι.
1548 1345 1602 1392 β’,
1629 1347 1706 1386 190,

897 1396 940 1438 ν’,
960 1401 1103 1433 Sloetc.
1123 1417 1165 1422 -
1190 1392 1706 1451 801ι.;κερτομιάς.(433,

898 1444 1023 1489 Οό)εε.
1047 1444 1211 1488 212263.)
1229 1440 1482 1486 ἐρεθιστικούς
1500 1439 1560 1473 καὶ
1580 1442 1708 1482 χλευα-

897 1490 1044 1532 στικούς
1075 1490 1217 1534 λόγους.
1262 1490 1372 1542 (haec
1399 1487 1483 1521 alias
1513 1485 1600 1520 ἔπεα
1625 1498 1707 1527 κερ-

896 1537 1008 1579 τόμια
1039 1537 1144 1577 dicit,
1181 1537 1236 1570 vel
1268 1532 1442 1578 κερτόμια
1467 1532 1618 1576 elliptice
1645 1530 1706 1574 [α’,

895 1585 985 1624 539,
1014 1582 1068 1624 δ’,
1101 1584 1122 1617 6
1144 1583 1247 1625 etc.],
1282 1582 1361 1615 item
1394 1591 1497 1624 supra
1524 1580 1601 1613 109.
1626 1580 1706 1612 λευ-

895 1629 1027 1674 γαλέα,
1051 1630 1141 1662 infra
1166 1629 1243 1664 246.
1270 1626 1424 1663 ὀνείδεα.
1450 1645 1493 1650 -
1519 1624 1706 1658 αἰᾝσυλα

894 1676 1007 1710 Schol.
1034 1676 1081 1709 Β·
1118 1674 1183 1716 τοὶς
1207 1687 1308 1719 παρα
1341 1671 1380 1708 τὸ
1410 1671 1581 1714 καθῆκον
1605 1673 1705 1715 λεγο-

893 1721 1007 1766 μένας
1030 1719 1194 1761 damaris.
1238 1733 1270 1755 v.
1297 1732 1374 1754 ann.
1407 1719 1449 1752 ad
1485 1716 1531 1758 ε’,
1556 1717 1635 1752 403.

893 1770 981 1802 idem
1008 1768 1144 1802 Schola
1169 1766 1427 1811 πρόκλυτα.
1451 1763 1705 1808 προηκονσμέ-

893 1829 953 1857 να,
976 1814 1276 1859 προηγνωσμένα
1316 1815 1398 1857 Apa
1422 1810 1467 1845 τοὶ
1493 1809 1704 1853 ἔμπροσθεν

893 1859 1139 1896 ἀκουσθέντα.
1188 1861 1242 1894 E:
1274 1857 1577 1903 προηκουσμένας
1606 1857 1703 1892 ἱστο-

917 1911 975 1948 ίας
999 1912 1064 1941 etc.

892 1922 912 1953 Q
937 1956 1015 1989 205.
1051 1963 1229 1998 perperam
1254 1949 1351 1984 libri:
1377 1947 1424 1990 ἄρ
1449 1962 1519 1983 πω.
1557 1948 1648 1991 vide,
1671 1948 1702 1982 si

891 2001 978 2034 tanti
1001 2004 1064 2040 est,
1090 2000 1135 2045 β’,
1155 1999 1222 2032 419
1244 2003 1310 2032 etc.
1336 1996 1424 2031 haud
1447 1995 1534 2030 male
1551 1995 1585 2028 H
1603 2007 1700 2030 ann.=

891 2045 976 2091 σύγ’
1001 2045 1123 2101 ἐμούς.

935 2094 1014 2128 207.
1060 2088 1343 2133 ἁλοσύδνης.
1399 2087 1505 2121 Sch.:
1553 2086 1700 2127 ἐναλίας

888 2139 1006 2180 θεοῦ,
1039 2136 1078 2173 ἐν
1109 2135 1278 2195 θαλάσσῃ
1309 2132 1565 2178 κατοικούσης.
1613 2135 1699 2185 Ap.:

889 2184 1111 2230 ἁλοσύδνην.
1145 2182 1216 2238 τὴν
1233 2182 1271 2218 ἐν
1293 2179 1352 2217 ἁλὶ
1376 2179 1593 2224 σινομένην,
1620 2179 1700 2215 οἷον

890 2232 1055 2268 ἐναλιον·
1104 2227 1312 2268 νεπόδες
1346 2228 1495 2283 καλῆς
1524 2225 1698 2262 ἁλοσύ-

889 2273 1371 2332 611713.(Odyss.6',404.)
1397 2274 1432 2310 οἱ
1455 2271 1522 2316 μὲν
1540 2274 1605 2318 τῆς
1623 2275 1697 2307 θα-

887 2325 1040 2370 λάσσης·
1076 2323 1168 2359 ἔνιοι
1200 2321 1240 2357 δὲ
1271 2323 1336 2365 τῆς
1357 2320 1598 2376 Ἀμφιτρίτης.
1633 2319 1697 2353 hoc

888 2373 1014 2411 verius,
1034 2376 1073 2404 ut
1091 2374 1241 2404 sumatur
1255 2368 1458 2412 adjectivum
1479 2364 1696 2407 ἁλόσυδνος,

888 2419 978 2463 quod
1001 2417 1073 2462 He)
1071 2428 1143 2449 neo
1168 2416 1294 2449 dictum
1315 2413 1453 2447 videtur
1477 2425 1538 2457 pro
1564 2408 1697 2447 αλόσυ-

888 2478 974 2504 νος,
1009 2469 1046 2497 ut
1056 2430 1245 2507 )μόλιβδος
1271 2473 1331 2506 pro
1356 2458 1520 2504 μόλιβος.
1565 2459 1696 2492 addere

888 2510 1001 2555 potuit
1033 2509 1256 2553 χαλυβδικοῦ
1301 2519 1363 2552 pro
1402 2505 1602 2557 χαλυβικοῦ
1638 2515 1694 2548 ap.

888 2556 1088 2601 Euripidem
1110 2554 1285 2589 Heraclid.
1312 2554 1388 2588 161.
1427 2552 1487 2585 sed
1514 2549 1626 2584 nescio
1651 2561 1694 2583 an

888 2603 1077 2636 audiendus
1104 2601 1150 2635 sit
1175 2600 1324 2645 Hesych.
1338 2622 1348 2639 ,
1381 2599 1438 2643 qui
1462 2598 1566 2631 habet
1589 2596 1694 2629 verba

886 2645 1082 2690 ύδνεῖν,
1107 2646 1278 2691 τρέφειν,
1304 2644 1450 2687 αὔξειν,
1476 2643 1634 2688 κρύβειν
1659 2646 1695 2674 et

886 2692 1058 2735 ν’δναι,
1091 2693 1254 2738 ἔγγονοι,
1278 2690 1492 2734 σύντροφοι.
1534 2701 1554 2722 a
1586 2688 1694 2721 forma

883 2738 996 2782 ύδνος
1026 2741 1218 2775 derivatum
1242 2738 1381 2771 videtur
1412 2735 1531 2769 vocab.
1562 2731 1694 2776 imvm,

886 2789 1001 2842 tuber,
1035 2799 1141 2841 germ.
1175 2785 1315 2828 TriIffel.
1351 2794 1440 2838 quae
1471 2781 1615 2814 reseram
1648 2781 1692 2813 ad

886 2830 954 2875 ύω,
980 2815 1067 2868 [inde
1091 2829 1184 2875 ῧδω,
1210 2829 1338 2870 ὑδίνω,
1363 2826 1510 2866 ὑδινέω,
1536 2832 1571 2859 et
1594 2839 1607 2860 ι
1631 2837 1692 2860 ex-

887 2881 970 2914 trito
1003 2876 1145 2921 ὑδνέω,
1180 2883 1216 2912 et
1243 2874 1354 2916 ῧδνος
1389 2886 1449 2919 pro
1474 2870 1623 2913 ὕδινος,
1654 2875 1693 2904 ut

886 2924 1024 2967 κυδνὸς
1059 2937 1120 2971 pro
1143 2922 1313 2964 κυδινός,
1346 2922 1446 2965 rign,
1467 2920 1623 2963 rigatus,
1657 2922 1693 2950 et

885 2972 1153 3032 μεταφορικῶς
1162 2970 1288 3011 nutrio,
1311 2968 1417 3002 educo
1435 2970 1503 3001 etc.
1536 2963 1688 3002 v.Scl1n.

886 3031 941 3054 w.
966 3017 1103 3063 ὕδνης,
1127 3015 1195 3053 ῧω.
