1847 3277
604 170 1042 211 ΙΛΙΑΔΟΣ
1095 173 1144 211 P.

1643 177 1695 215 11

200 278 388 350 πλοχμοί
416 276 481 330 θ’,
513 281 556 321 οἰ
585 281 734 350 χρυσῷ
763 294 807 321 τε
836 278 910 322 καὶ
940 276 1124 333 ἀργύρῳ
1154 277 1432 335 ἐσφήκωντο·

207 331 305 379 οἷον
334 335 380 378 δὲ
410 334 571 404 τρέφει
589 335 719 389 ἔρνος
749 333 860 388 ἀνὴρ
890 335 1088 406 ἐριθηλες
1117 334 1270 404 ἐλαίης

206 391 334 449 χώρῳ
366 391 414 435 ἐν
443 389 658 448 οἰοπόλῳ,
692 390 766 435 ὅθ’
802 391 896 443 ἅλις
925 389 1225 462 α’ναβέβρυχεν
1249 391 1394 448 ὕδωρ,

126 451 180 495 55
209 453 367 501 καλὸν,
396 438 617 518 τηλεθάον
644 448 707 504 (τό
740 447 786 491 δέ
815 465 860 492 τε
888 450 1036 491 πνοιαὶ
1067 449 1272 491 δονέουσι

206 505 433 548 παντοίων
463 503 662 559 ἀνέμων,
696 506 771 547 καί
799 521 843 548 τε
874 503 999 560 βρύει
1030 503 1161 549 ἅιθει·
1189 507 1378 562 λευκῷ),

209 559 354 604 ἐλθὼν
383 560 430 604 δ’
446 560 660 632 ἐξαπίνης
690 560 850 616 ἄνεμος
881 562 959 613 ξὺν
988 563 1166 605 λαίλαπι
1194 566 1336 618 πολλῇ

43 656 59 660 s
206 618 383 673 βόθρου
412 616 458 660 τ’
486 618 729 672 ἐξέστρεψε,
761 619 835 661 καὶ
866 617 1118 669 ἐξετάνυσσ’
1148 619 1217 662 ἐπὶ
1244 620 1375 676 γαίῃ,

207 679 333 717 τοῖον
365 673 557 718 Πάνθου
586 675 690 718 υἱον
707 675 955 746 ἐϋμμελίην
984 675 1232 747 Εὔφορβον

122 736 176 777 60
204 729 418 787 Ἀτρείδης
450 731 674 783 Μενέλαος
701 731 792 776 ἐπεὶ
821 731 973 782 κτάνε,
1004 731 1146 788 τεύχε’
1178 731 1329 777 ἐσύλα.

38 901 268 947 ἐσφήκωντο·
307 905 438 959 μακρῷ
468 916 538 950 γαρ
570 904 744 951 ἀμείνους
776 906 841 951 <¹3⁹1-

39 949 133 994 λαδῆ
157 950 220 985 καὶ
244 948 510 994 ἐρασμιώτεραι
534 951 733 997 ἐφαίνοντο
757 964 842 987 συν-

39 996 355 1050 αναπεπλεγμέναι
377 997 431 1055 τῷ
450 1001 609 1054 χρυσίῳ,
643 1014 705 1034 και
731 1011 842 1034 συνα-

38 1041 303 1087 πολάμπουσαι
322 1042 400 1087 μετ’
415 1043 546 1078 αὕτοῦ.
578 1046 645 1079 ἱιιιο
663 1047 842 1079 maximum

35 1089 234 1134 juventutis
263 1090 368 1123 decus
397 1094 451 1122 est
477 1090 553 1136 ipsa
582 1103 700 1133 coma,
737 1098 844 1135 utque

40 1135 287 1190 pulcherrimus
325 1135 486 1176 deorum,
526 1140 601 1181 Apo
584 1137 671 1176 ollo,
714 1138 845 1189 gaudet.

41 1181 195 1216 caesarie
222 1179 483 1225 [οἷκερσικόμης
515 1183 563 1223 ν’,
587 1183 686 1226 39.],
721 1183 773 1216 ita
809 1187 844 1217 et

39 1227 300 1261 venustissimae
317 1227 402 1263 deae
411 1228 570 1262 Charites
588 1240 715 1263 comam
738 1229 845 1271 alunt,

39 1284 134 1308 more
163 1274 349 1308 liberorum
383 1275 551 1308 hominum
585 1287 639 1318 ap
674 1276 842 1309 Graecos.

39 1331 75 1352 v.
95 1331 173 1354 ann.
199 1320 243 1354 ad
261 1320 434 1364 Aristoph.
460 1323 523 1354 Av.
545 1323 644 1363 852„
670 1322 751 1355 Adr.
764 1322 843 1355 Jun.

39 1365 64 1399 l.
87 1365 130 1399 de
150 1365 258 1399 Coma
277 1378 351 1411 cap.
370 1369 394 1401 2
413 1372 479 1400 etc
506 1367 641 1412 longius
659 1368 845 1411 repetitum

39 1415 104 1454 est,
122 1412 213 1456 quod
232 1411 341 1446 flavos
351 1412 533 1458 Euphorbi
546 1414 657 1447 crines
674 1414 846 1447 intellexit

39 1457 88 1498 K,
113 1458 271 1502 qnoniam
297 1459 432 1500 ξανθοὶ
455 1459 522 1493 dici
543 1460 655 1493 solent
678 1472 732 1513 ap.
756 1460 846 1493 hunc

0 1524 1 1538 l
38 1508 188 1538 nostrum
217 1505 366 1539 Achilles
398 1509 435 1539 et
459 1505 659 1547 Menelaus,
697 1506 846 1550 itemque

0 1578 1 1587 ,
37 1551 176 1593 ξανθαι
188 1551 335 1584 Gratiae
353 1556 433 1584 sunt.
447 1551 596 1586 Pindaro
610 1552 707 1586 Nem
729 1552 762 1587 5
785 1564 847 1586 ex—

0 1629 9 1635 „
38 1597 176 1641 trema.)
194 1594 486 1653 ἐσφήκωντο.
505 1596 719 1642 ἐσφιγμένοι
738 1599 845 1642 η’σαν,

18 1640 215 1679 ’ἐδέδεντο
261 1641 353 1678 ὅθεν
386 1644 448 1679 καὶ
479 1644 664 1689 σφήκωμα
689 1645 845 1688 εἴρηται.

38 1689 90 1732 (h.
113 1702 142 1723 e
164 1690 348 1723 vinculum.
386 1691 534 1724 alienum
558 1696 631 1733 est,
665 1692 759 1736 quod
783 1692 845 1725 ad-

38 1731 134 1768 dit
103 1749 132 1792 η
159 1734 216 1770 ὅτι
232 1740 369 1780 πεπλε,
366 1738 468 1772 αείοι
485 1732 592 1792 ἦσνα.
626 1738 758 1779 „ducta
776 1749 845 1771 vox

39 1779 115 1815 ἀπὸ
142 1784 216 1816 τῶν
241 1785 413 1828 σφηκῶν,
437 1796 455 1816 a
474 1785 592 1829 vespis
610 1784 756 1817 medium
768 1795 846 1817 cor-

39 1839 104 1882 pus
130 1828 297 1863 insectum
326 1829 530 1863 habentibus
563 1831 612 1873 [v.
633 1831 715 1873 E.:]
745 1829 846 1863 simili

39 1874 126 1908 enim
151 1875 249 1909 modo
272 1875 406 1916 mollia,
431 1875 460 1909 si
482 1876 639 1910 revincta
661 1881 758 1916 sunt,
783 1876 846 1909 ad-

39 1921 162 1955 stricto
184 1920 321 1954 vinculo
338 1922 436 1955 velut
455 1922 661 1956 insecantur.
699 1921 846 1955 disertus

38 1966 135 2000 deb.
155 1978 189 2000 v.
215 1967 311 2001 locus
331 1972 383 2001 est
412 1979 468 2012 ap.
491 1969 603 2012 Etym.
623 1968 656 2001 in
680 1966 846 2022 ἐσφηκω-

38 2011 150 2056 μένον
169 2024 202 2058 p.
225 2013 304 2048 385.
328 2032 372 2038 —-
398 2014 459 2047 hos
479 2025 598 2048 versus
613 2015 754 2048 maxime
769 2026 849 2060 pro-

39 2059 139 2093 basse
159 2064 194 2092 et
213 2060 384 2093 modulate
405 2060 447 2093 ad
469 2060 496 2104 1>
496 2072 575 2093 ram
593 2060 760 2095 cecinisse
781 2061 850 2105 Py-

39 2106 238 2149 thagoram,
272 2106 414 2139 tradunt
439 2074 653 2152 P0³rphyrius
689 2111 724 2140 et.
759 2107 849 2140 Iam-

40 2151 173 2184 blicbus
199 2152 271 2185 zita
293 2152 553 2196 Pytliagoraef‘
584 2154 640 2186 Ex
663 2154 709 2186 II.
735 2171 781 2178 —·
805 2153 849 2186 de

40 2197 136 2232 cultu
156 2198 315 2231 muliebri
334 2199 558 2232 barbarorum
581 2211 616 2233 v.
634 2199 680 2243 β’,
704 2200 784 2241 872,
806 2198 848 2244 γ’,

40 2243 105 2286 55,
129 2243 288 2289 Xenoph.
307 2244 390 2289 C.yr
411 2247 442 2286 1,
462 2246 495 2281 3
514 2247 536 2280 2
558 2246 644 2290 etc.)

86 2335 254 2370 53—58.
289 2334 475 2381 τρέφει
509 2337 610 2393 velut.
632 2337 846 2370 animantem.

41 2392 75 2414 v.
96 2381 212 2414 Schol.
234 2382 274 2415 B.
303 2388 338 2416 et
357 2392 433 2440 sqq.
464 2383 566 2416 Scim-
593 2384 740 2426 ε’.ρνος
776 2396 848 2439 φυ-

40 2425 118 2461 τόν.
133 2427 247 2484 (Ap-t
280 2426 385 2472 ἔρνεϊ.
418 2428 556 2486 δένδρῳ
580 2429 780 2465 θάλλοντι·
827 2427 847 2464 ὁ

40 2470 83 2507 δ’
118 2470 390 2518 ἀνέδραμεν
417 2474 554 2518 ἔρνεϊ
586 2475 699 2516 ἶσος.
743 2488 777 2509 v.
805 2474 847 2519 σ’,

39 2519 108 2559 56,
141 2520 209 2554 437
233 2526 302 2554 etc.
324 2534 486 2566 -χωρ
466 2535 526 2568 ρῳ
557 2521 604 2558 ἒν
637 2523 760 2557 οἰοπ.
803 2536 846 2564 ν,

39 2565 120 2601 473.
148 2565 266 2602 schol.
284 2567 335 2600 B.
370 2565 408 2602 ἕν
432 2569 534 2604 τόπω
558 2568 680 2613 ἐρήμῳ
706 2582 848 2613 φυτων,

41 2611 102 2646 ἵνα
141 2609 193 2656 μή
235 2611 474 2672 ἐμποδίζηται
508 2617 554 2662 τῇ
589 2616 626 2651 ἐκ
631 2615 740 2661 φύσει
773 2618 849 2650 ταῖν

40 2659 196 2700 πλησίον
229 2658 352 2704 ῥιζῶν.
407 2653 563 2696 similiter
595 2663 634 2696 E.
671 2662 731 2695 sed
765 2661 847 2695 illud

42 2715 157 2758 parum
182 2711 244 2739 est.
278 2710 397 2751 poetas
422 2712 556 2754 poetam
582 2710 848 2751 interpretantes

42 2750 157 2828 potius
172 2752 361 2795 audiamus,
385 2766 470 2799 quos
489 2755 641 2789 laudavit
658 2755 700 2788 K.
726 2754 849 2788 Catul-

125 2797 190 2838 62,
219 2799 287 2833 39.-
327 2805 365 2834 ut
386 2803 455 2844 flos
489 2802 523 2834 in
561 2803 665 2845 septis
699 2806 848 2834 secretus

43 2842 196 2876 nascitur
223 2843 351 2886 hortis,
399 2848 544 2890 Ignotus
578 2847 711 2891 pecori,
755 2848 848 2880 nullo

42 2892 200 2921 contusus
230 2896 369 2933 aratro,
406 2894 514 2936 Quem
547 2896 695 2927 mulcent
728 2905 849 2933 αυτ-(ιε,

32 2935 159 2976 firmat
182 2936 251 2976 sol,
276 2938 400 2972 educat
424 2941 542 2975 imber.
595 2941 685 2984 Prol
691 2948 741 2973 ert
746 2940 796 2973 ius
819 2942 850 2980 1,

43 2981 164 3021 211:
198 2989 323 3027 surgat
354 2990 389 3019 ct
422 2987 456 3018 in
483 2988 561 3018 .‹1'l«
582 2990 711 3029 formo.
716 2987 766 3018 ιίϊ
791 2998 850 3018 ar-

43 3026 141 3059 butus
162 3029 281 3062 antris.
330 3030 497 3066 Ossianus
524 3046 659 3078 quoqne
682 3034 773 3066 sozlns
800 3032 849 3064 ‹li-

888 906 940 940 xit
964 916 1110 950 quercus
1129 905 1165 938 in
1181 904 1269 939 colle
1295 904 1540 951 provenientes
1560 917 1615 949 ap.
1635 904 1705 938 Do-

889 951 1009 985 nisium
1023 953 1058 987 3.
1075 953 1183 996 p.73:
1209 963 1284 985 nam
1303 952 1511 985 Ahlwardtii
1531 951 1707 995 interpre-

888 998 976 1031 tatio
998 998 1068 1041 jam
1093 1009 1159 1030 non
1187 1004 1240 1031 est.
1265 998 1309 1031 ad
1332 1010 1478 1032 manum.
1519 1003 1616 1031 recte
1641 1008 1706 1030 au-

888 1049 956 1077 tem
981 1044 1024 1076 de
1051 1045 1113 1076 hoc
1137 1044 1239 1076 simili
1265 1044 1390 1077 Eichh.
1415 1046 1450 1079 3.
1477 1056 1511 1089 p
1532 1045 1622 1077 267·
1648 1043 1707 1083 ,la

888 1089 1047 1149 peinture
1071 1089 1115 1122 de
1140 1089 1284 1122 l’olivier
1303 1096 1357 1123 est
1373 1090 1407 1123 la
1428 1091 1504 1135 plus
1524 1089 1707 1133 gracieuse

890 1135 945 1180 qu'
972 1135 1022 1167 ait
1046 1134 1219 1189 produite
1239 1136 1270 1168 le
1295 1136 1456 1180 pinceau.
1479 1136 1672 1169 d'Homere.
1683 1138 1706 1154 “

890 1199 936 1205 ——
956 1182 1041 1225 Apa
1070 1180 1218 1236 ἀναβε
1213 1180 1383 1224 ’βρυχε.
1411 1195 1487 1216 των
1506 1180 1706 1226 πεποιημέ-

890 1239 964 1261 νων
988 1224 1083 1261 κατὰ
1096 1229 1282 1284 μίμησιν,
1309 1227 1393 1263 οἷον
1418 1226 1626 1286 ἀναβέβηκε
1645 1241 1707 1270 με-

890 1272 938 1307 τά
962 1286 1064 1313 τινος
1090 1285 1204 1317 ηχου·
1246 1272 1324 1309 ὅθ’
1358 1271 1465 1314 ἅλις
1500 1272 1536 1308 οἷ.
1562 1273 1704 1318 ὕδωρ.

890 1320 1121 1364 Et3mologus
1168 1321 1388 1354 emendatus:
1447 1317 1706 1366 αναβέβροχεν.

890 1365 1078 1410 [Zenodoti
1109 1366 1304 1410 scriptur‚a
1345 1379 1443 1411 quam
1478 1369 1583 1402 habet
1610 1370 1706 1401 Vrat..

893 1414 927 1446 d.
940 1437 950 1453 ,
985 1418 1276 1446 commemoratam
1299 1412 1391 1446 illam
1417 1414 1520 1448 etiam
1546 1416 1590 1448 ab
1616 1416 1647 1448 E
1672 1421 1707 1449 et

892 1458 1062 1502 scriptore
1087 1459 1292 1492 scholiorum
1316 1459 1491 1501 brevium,
1517 1461 1578 1494 sed
1598 1461 1707 1495 minus

893 1505 1031 1560 aptann]
1062 1503 1314 1540 ἀναπέπωκεν-
1351 1504 1417 1540 ἐάν
1438 1506 1479 1541 ὁὲ
1503 1505 1708 1553 ιῖναβέβρυ-

890 1563 972 1603 χεν,
1006 1549 1208 1606 ἀναβρύει,
1249 1551 1270 1587 ὅ
1305 1551 1403 1587 ἐστιν
1435 1551 1612 1599 οἷναπηὸςῖ
1645 1553 1708 1589 καὶ

892 1595 1138 1642 ἀναβάλλεται
1162 1610 1255 1639 μετα
1278 1597 1423 1642 ψόφον.
1482 1601 1528 1636 cf.
1554 1602 1645 1645 Hes)
1645 1601 1707 1635 cb.

892 1644 925 1678 h.
951 1656 982 1678 v.
994 1669 1005 1685 ,
1038 1644 1132 1678 infra
1156 1645 1245 1685 264,
1270 1644 1330 1687 π’,
1355 1646 1423 1681 486
1453 1652 1519 1681 ete.
1556 1654 1708 1681 ceterum

892 1689 992 1723 aliter
1015 1691 1203 1724 Columella
1236 1691 1323 1725 libro
1359 1692 1402 1725 (le
1426 1694 1616 1727 Arboribus
1652 1696 1708 1735 17,

891 1742 929 1769 ut
960 1736 992 1769 H
1017 1748 1095 1770 ann.
1155 1738 1232 1770 olea
1263 1739 1414 1772 maxime
1448 1742 1590 1773 collibus
1612 1741 1711 1774 siccis

892 1787 923 1816 ct
950 1783 1128 1827 argillosis
1151 1784 1310 1828 gaudem·
1343 1791 1381 1819 at
1405 1786 1556 1820 humidis
1579 1787 1710 1830 campis

892 1833 926 1861 et
955 1809 1171 1873 pinguibus&
1180 1830 1292 1863 laetas
1319 1833 1466 1873 ftondes
1496 1834 1569 1867 sine
1587 1836 1710 1876 fructu

894 1875 1005 1918 affert.
1054 1875 1279 1920 similiterque
1296 1877 1395 1921 Wirg
1420 1879 1552 1923 Georg.
1579 1882 1615 1920 2,
1640 1881 1707 1914 179

892 1922 1024 1954 -181.
1059 1921 1235 1955 sedidem
1259 1923 1306 1958 ib.
1330 1925 1421 1959 217·
1459 1937 1548 1968 quae
1581 1926 1706 1971 [terra]

891 1971 1027 2000 tenuem
1054 1969 1195 2002 exhalat
1222 1970 1383 2003 nebulam
1401 1974 1585 2016 fumosque
1609 1974 1709 2006 volu-

895 2025 988 2056 cres,
1025 2015 1066 2047 Η
1092 2015 1176 2048 bibit
1200 2015 1395 2060 humorem,
1431 2023 1484 2059 et,
1524 2031 1600 2052 cum
1623 2020 1707 2061 volt,

896 2071 936 2093 ex
960 2071 996 2092 se
1020 2060 1095 2104 ipsa
1119 2062 1283 2105 remittit,
1312 2043 1484 2118 ριιμῃεριιο
1492 2077 1552 2098 sno
1575 2077 1710 2109 semper

894 2105 1017 2139 viridis
1039 2118 1075 2140 se
1098 2108 1260 2151 gramine
1284 2111 1408 2146 vestit,
1433 2130 1472 2136 *-
1513 2113 1583 2145 Illa
1599 2115 1709 2156 ferax

894 2153 968 2186 oleo
994 2157 1054 2185 est.
1106 2154 1195 2187 conf
1224 2154 1277 2187 Pl
1269 2166 1314 2189 n
1338 2156 1382 2189 H
1409 2156 1454 2190 N
1483 2159 1547 2200 15,
1572 2160 1595 2194 3
1619 2159 1707 2213 etc.)

894 2196 1148 2241 τηλεθάον.
1176 2199 1237 2244 (ζ,
1261 2201 1339 2243 148,
1356 2201 1398 2246 χ’,
1418 2202 1487 2238 423
1504 2203 1708 2248 εἰσ.)πάνυ

893 2246 1048 2286 θᾶλλ,ον
1066 2244 1236 2286 ετῗανθές.
1261 2228 1501 2284 δονέουσι.
1526 2249 1707 2295 (μ’,157.)

895 2292 1251 2327 30v0716t.1tt10v6t
1300 2294 1449 2340 βρύει.
1484 2299 1626 2339 θάλλει,
1651 2298 1709 2343 γε’-

894 2351 965 2382 μει.
992 2329 1163 2380 (ανθει
1188 2338 1228 2374 δὲ
1251 2343 1419 2378 levus-3.
1447 2344 1499 2388 τῷ
1515 2346 1708 2390 κυπρισμῷ

896 2387 960 2429 τῆς
984 2384 1117 2427 ἐλαίας.
1141 2405 1185 2410 —-
1214 2380 1429 2424 λαίλαπι.
1467 2379 1522 2431 δ’,
1548 2393 1638 2433 278,
1663 2393 1707 2432 λ’,

895 2433 964 2466 306
990 2438 1056 2465 (emt
1102 2435 1274 2478 ,,λαῖλαψ
1299 2447 1366 2468 ιιοιι
1394 2443 1449 2470 est
1473 2437 1547 2482 ipse
1571 2444 1708 2480 ventus,

895 2482 956 2511 sed
982 2478 1076 2511 renti
1094 2457 1276 2526 λαβρότης
1292 2481 1366 2515 sive
1382 2482 1543 2527 impetu&
1548 2486 1572 2503 “
1596 2486 1651 2518 Ex·
1660 2487 1708 2520 Η.

896 2524 994 2568 Virg.
1018 2527 1102 2558 Aen.
1132 2528 1175 2566 2,
1207 2527 1294 2564 416:
1342 2530 1483 2563 adversi
1512 2537 1614 2575 rupto
1648 2544 1709 2566 cen

894 2571 1068 2625 quondam
1102 2574 1236 2607 turbine
1267 2576 1361 2609 venti
1394 2577 1595 2620 Confliguut
1622 2578 1709 2622 etc.)

895 2615 1098 2661 βόθρον
1136 2621 1288 2663 (Οό)·.55
1311 2621 1361 2664 ζ’,
1387 2624 1454 2664 92,
1479 2622 1530 2663 λ’,
1555 2624 1601 2659 25
1622 2626 1708 2667 etc.)

894 2663 1055 2719 βάθους,
1074 2667 1143 2700 τοῦ
1162 2665 1379 2710 ὀρύγματος.
1401 2669 1545 2711 (scrobis
1560 2681 1622 2704 seu
1636 2671 1710 2704 fos-

895 2721 978 2752 sae,
1002 2712 1038 2744 in
1063 2723 1131 2756 qua
1155 2713 1331 2758 plantatur
1361 2716 1482 2755 arbor,
1517 2720 1612 2751 teria
1645 2729 1709 2750 un-

895 2755 999 2800 dique
1021 2765 1167 2801 aggesta
1194 2760 1380 2796 radicibus.
1413 2742 1527 2795 Sch'ol.
1550 2763 1599 2796 13:
1623 2775 1709 2819 μετ-

895 2802 1005 2846 ἐωροι
1048 2804 1119 2849 γάρ
1159 2806 1198 2840 αἱ
1230 2807 1295 2850 τῆς
1320 2808 1446 2848 ἐλαίας
1479 2807 1599 2850 ῥίζαι·
1646 2807 1707 2845 διὸ

895 2849 957 2885 καὶ
980 2847 1111 2893 γύροσε
1136 2850 1428 2889 ἐπισκάπτουσιν
1452 2852 1580 2896 αὐτάς.
1606 2856 1652 2890 cf.
1664 2856 1706 2890 Ε.

895 2898 1061 2939 γυρώσαι
1096 2898 1129 2931 id
1157 2899 1242 2933 dicit
1266 2900 1382 2944 Etym.
1419 2901 1544 2935 Aratus
1569 2913 1708 2946 quoque

897 2942 1024 2976 Phaet).
1049 2946 1089 2978 9.·
1124 2945 1186 2980 καὶ
1212 2958 1313 2988 φυτα
1341 2958 1514 2989 γυρωσιιι.
1562 2949 1615 2982 Ex
1640 2949 1706 2993 H.)

896 2987 968 3030 ἐξ-
953 2987 1200 3026 -τιῖνυσεν
1240 2992 1316 3035 (η’,
1341 2995 1429 3034 27,1
1457 3006 1499 3034 ι,
1525 2994 1706 3040 219)ἔζ-

896 3035 979 3070 εἰειι
983 3048 1029 3070 ἐν
1042 3063 1050 3079 ,
1076 3035 1254 3082 ἥπλωσεν.
