1847 3277
185 811 220 838 et.
244 805 416 848 captivum
440 803 647 835 τεηόίόεῑειῑ
672 801 708 834 in
732 801 872 834 Lemno.

220 1097 376 1151 τάμνε,
395 1097 538 1168 νέους
568 1094 785 1165 ὄρπηκας,
819 1093 876 1137 ἵν’

49 1484 135 1540 γοὶρ
160 1483 184 1530 ἡ
209 1484 294 1519 τοῦ
333 1485 563 1527 δελφῖνος
586 1481 760 1528 ὀξύτης
783 1482 861 1517 καὶ

51 1531 263 1574 δύναμις
296 1531 381 1567 τοῦ
418 1534 594 1574 φαγεῖν
636 1531 774 1564 δοκεῖ
806 1527 861 1564 εἴ·

49 1591 127 1614 ναι
150 1575 424 1622 θαυμαστή.
470 1576 558 1611 Ρ1111.
585 1577 630 1610 H.
656 1577 702 1611 N.
736 1577 779 1617 9,
801 1577 860 1610 8.:

49 1626 297 1659 velocissimum
336 1624 487 1657 omnium
527 1624 753 1664 animalium,
795 1634 864 1655 mm

51 1673 159 1706 solum
183 1672 419 1710 marinorum,
454 1674 505 1703 est
529 1670 732 1714 delphinus,
765 1679 864 1712 ocyor

50 1720 207 1758 volucre,
233 1718 346 1750 acrior
369 1717 460 1756 telo,
486 1727 527 1748 ac
550 1717 618 1749 uisi
640 1717 785 1749 multum
810 1716 864 1748 in-

43 1769 108 1810 fra
130 1776 184 1797 ro.
173 1770 279 1797 trum
305 1776 343 1796 os
378 1763 430 1796 illi
454 1765 570 1805 soret
609 1763 722 1795 medio
753 1772 866 1805 paene

0 1810 2 1820 ¹
50 1814 87 1846 in
108 1817 238 1852 ventre,
262 1811 376 1843 uultus
392 1810 552 1863 piscium
559 1809 771 1843 celeritatem
794 1808 866 1850 ejus

0 1861 1 1864 ’
51 1859 225 1893 evaderet.
253 1876 300 1882 —-
338 1852 606 1900 κρημνούς,
641 1856 737 1899 ripas
762 1854 865 1887 dccli-

51 1917 122 1939 νει.
154 1915 186 1936 v,
210 1903 303 1936 infra
328 1904 414 1943 175,
439 1901 497 1944 μ’,
523 1902 568 1936 54
589 1908 655 1935 etc.

96 1953 198 1986 27¹-
208 1950 265 1983 33.
310 1949 408 1992 Virg.
437 1950 521 1981 Aen.
557 1949 618 1984 10.
641 1948 744 1982 517³
787 1946 867 1979 Sul-

54 2009 154 2031 mone
177 2001 310 2029 creatos
337 1996 495 2037 Quatuor
517 1994 572 2027 hic
587 1994 757 2036 juvenes,
782 1993 866 2026 toti-

53 2046 131 2078 dem
154 2054 236 2087 quos
259 2042 383 2075 educat
416 2041 540 2083 Lsens,
576 2041 735 2073 liventes
758 2039 865 2081 rapit,

52 2091 199 2134 inferias
230 2099 313 2132 quos
339 2089 490 2121 immolet
521 2088 666 2125 umbris,
703 2086 866 2129 Captivo-

54 2149 120 2181 (μισ
148 2136 228 2180 rogi
268 2135 458 2178 perfundat
491 2134 663 2187 sanguine
689 2135 865 2176 flammas.

58 2184 112 2217 (31.
139 2200 186 2207 -
221 2182 325 2217 Sch.:
360 2177 653 2235 τεθηπότας.
688 2177 763 2222 (δ’,
796 2178 866 2212 243

58 2235 123 2264 etc.
126 2230 144 2272 )
157 2227 480 2272 ἐκπεπληγμένους.
506 2222 638 2270 (ἦυτε
657 2223 867 2278 νεβρούς.

58 2287 91 2308 v.
118 2273 171 2315 δ’,
196 2276 272 2310 1..c
298 2292 343 2299 —
375 2272 691 2317 ἐϋτμήτοισιν
716 2271 865 2327 ἱμᾶσι.

57 2321 89 2357 κ’
101 2348 110 2364 ,
134 2301 213 2358 567.
234 2340 280 2346 ψ-
312 2330 492 2375 στρεπτ.
520 2319 700 2362 χιτῶσι.
724 2317 763 2359 ε’,
787 2319 866 2352 113.

55 2389 100 2394 -
133 2365 381 2409 ἐπόρουσε.
418 2364 468 2411 γ’,
496 2367 564 2401 397
586 2372 651 2400 etc.
682 2384 725 2390 -—
769 2365 867 2398 δαϊ-

57 2413 265 2458 ζέμεναι.
290 2412 336 2459 η’,
354 2411 422 2449 247
444 2417 509 2447 etc.
521 2432 566 2437 —
590 2413 866 2457 μενεαίνων.

0 2454 1 2464 ’
54 2460 107 2503 δ’,
132 2462 178 2496 32
201 2465 267 2493 etc

99 2490 272 2543 '36—41.
306 2505 409 2538 Sch..
437 2502 601 2545 ἀλωῆς.
636 2504 720 2549 γῆς,
743 2503 868 2546 κήπου

57 2554 139 2588 νῦν.
186 2549 475 2596 (δενδροφόρον
511 2550 579 2595 γῆν
620 2550 870 2594 interpretatur

57 2600 173 2634 Schol.
209 2601 255 2640 Α,
289 2597 554 2641 ἀμπελόφυτον
590 2597 658 2642 γῆν
691 2597 733 2630 Ε.
779 2600 865 2641 Ap.-

60 2644 171 2691 ἀλωή.
202 2644 261 2680 ἐπὶ
280 2658 345 2703 μεν
365 2644 430 2689 τῆς
450 2643 731 2699 οἶμπελοφύτου·
756 2642 867 2678 πάν-

59 2705 110 2737 τη
133 2693 178 2727 οἱ
201 2689 321 2727 κατὰ
349 2691 526 2736 γουνὸν
561 2688 715 2735 ἀλωῆς
738 2690 865 2725 οἰνο-

60 2739 243 2774 πέδοιο.
267 2739 416 2796 (Odyss.
442 2737 498 2779 α’,
527 2738 620 2795 192.)
652 2737 711 2773 ἐπὶ
738 2735 778 2772 δὲ
803 2737 867 2781 τῆς

65 2781 162 2820 ἅλω·
187 2781 246 2825 ὥς
270 2783 302 2822 δ’
312 2784 499 2846 ἄνεμος
523 2782 673 2828 ἄχνας
698 2784 866 2830 φορέει

62 2828 321 2875 ἱερᾶςκατ’
348 2830 513 2872 ἀλωάς
550 2832 621 2877 [ε’,
646 2834 711 2873 90,
735 2831 868 2874 499])

67 2877 296 2922 ἐννύχιος.
330 2876 405 2921 (λ’,
429 2880 520 2920 682,
556 2879 685 2923 Odyss.
711 2878 764 2923 γ’,
792 2879 868 2913 178.

66 2925 110 2959 cf.
143 2925 180 2960 11.
205 2923 255 2965 ι’,
280 2926 380 2969 715.)
414 2924 477 2961 διὰ
507 2925 651 2966 νυκτός.
697 2937 870 2968 προμο-

65 2970 160 3005 λων
205 2970 284 3014 (α’,
318 2972 408 3012 382,
453 2973 533 3017 Ody
537 2984 582 3006 sa.
622 2970 675 3013 δ’,
706 2975 753 3008 22
783 2972 868 3016 etc.)

62 3016 267 3062 προελθών.
310 2986 539 3062 (ἐρινεόν
567 3018 607 3061 ζ,
629 3020 698 3055 433
718 3024 784 3055 etc.
811 3031 869 3054 ca-

596 155 1030 197 ΙΛΙΑΔΟΣ
1105 154 1156 193 Φ.

1631 158 1716 197 155

220 274 422 314 πτωσσον
451 264 539 311 ύπὸ
566 265 804 331 κρημνούς
847 263 871 308 ὁ
901 262 946 308 δ’
978 263 1067 307 ἐπεὶ
1096 262 1205 318 κάμε
1234 267 1378 317 χεῖρας
1409 265 1622 320 ἐναίρων,

223 328 360 380 ζωοὺς
390 325 436 369 ἐκ
465 329 679 376 ποταμοῖο
709 321 909 366 δυώδεκα
939 321 1088 373 λέξατο
1117 319 1334 373 κούρους,

218 401 351 439 ποινη
356 400 382 424 ν
413 379 691 433 Πατρόκλοιο
722 377 1028 422 Μενοιτιάδαο
1062 375 1295 427 θανόντος.

220 458 324 491 τους
326 402 472 493 ηέξῆγε
500 436 666 492 θύραζε
679 434 962 506 τεθηπότας,
994 450 1096 490 ηυτε
1117 432 1338 506 Fvaefioofig,

138 503 192 542 80
221 500 323 552 δῆσε
354 495 399 539 δ’
431 494 600 538 ὀπίσσω
630 498 774 548 χεῖρας
808 493 1083 547 ἐϋτμήτοισιν
1114 493 1260 547 ἱμᾶσι,

221 553 323 603 τούς
354 550 483 595 αὐτοὶ
513 550 756 624 φορέεσκον
786 549 854 592 ἐπὶ
885 553 1136 619 στρεπτοῖσι
1161 550 1339 603 χιτῶσι,

221 613 334 654 δῶκε
364 608 408 652 δ’
439 608 679 660 ἑταίροισιν
708 605 914 659 κατάγειν
942 607 1094 656 κοίλας
1121 605 1187 647 ἐπὶ
1215 608 1335 659 νῆας.

219 665 356 720 αὐτὰρ
387 664 410 708 ὁ
446 664 508 717 ἂψ
537 663 776 718 ἐπόρουσε,
809 663 1055 717 δαϊζέμεναι
1085 663 1337 717 μενεαίνων.

269 756 421 791 occurrit
445 755 476 789 ei
503 755 576 788 sine
601 755 703 788 armis
726 754 864 793 fugffens
887 755 1034 799 Lycaon,
1062 753 1189 787 Priami
1213 753 1314 794 filius,
1341 763 1440 798 quem
1462 751 1540 785 olim
1566 757 1720 797 ceperat,

285 869 413 913 ’Έιθ’
445 871 532 912 υἱεῖ
566 866 786 922 Πριαμοιο
817 868 1052 922 συνήντετο
1083 868 1396 938 Δαρδανίδαο,

138 931 194 973 35
225 929 270 971 ἐκ
300 931 502 981 ποταμοῦ
534 928 768 981 φεύγοντι,
800 926 1021 975 Λυκάονι,
1055 925 1134 968 τόν
1166 925 1220 979 ῥά
1250 922 1353 967 ποτ’
1386 920 1519 973 αὐτὸς

223 982 300 1040 ἦγε
329 984 479 1038 λαβὼν
508 983 554 1026 ἐκ
585 982 748 1036 πατρὸς
758 980 942 1052 ἀλωῆς,
972 981 1053 1025 οὐκ
1087 982 1317 1032 ἐθέλοντα,

224 1042 420 1096 ἐννύχιος
450 1039 702 1107 προμολών.
750 1038 773 1081 ὁ
805 1036 846 1081 δ’
880 1039 1052 1090 ἐρινεὸν
1081 1038 1129 1091 ὀ
1112 1039 1173 1081 ζέϊ
1198 1041 1343 1094 χαλκῷ

910 1112 1102 1150 ἅρματος
1133 1094 1314 1148 ἅνῖυγδς
1345 1091 1451 1137 ἓῖ8ν“

221 1159 281 1209 τῷ
313 1152 357 1197 δ’
389 1151 460 1206 ἄρ’
493 1151 714 1195 ἀνώιστον
743 1151 882 1195 κακὸν
911 1151 1050 1207 ἤλυθε
1081 1154 1176 1202 δῖος
1199 1150 1429 1206 Ἀχιλλεύς.

133 1213 188 1256 40
219 1212 292 1253 καὶ
321 1209 417 1253 τότε
446 1210 525 1264 μέν
555 1225 632 1264 μιν
662 1214 849 1279 Λῆμνον
873 1207 1131 1276 ἐϋκτιμῑνην
1161 1208 1393 1260 ἐπέρασσε,

216 1268 374 1323 νηυσὶν
404 1266 544 1322 ἄγων·
577 1265 684 1321 ἀτὰρ
715 1265 814 1316 υἱὸς
840 1265 1033 1321 Ἰήσονος
1065 1282 1182 1309 ωνον
1213 1265 1357 1308 ἔδωκε.

221 1330 368 1367 κεῖθεν
400 1326 445 1366 δὲ
477 1323 615 1373 ξεῖνός
645 1340 721 1378 μιν
749 1322 959 1377 ἐλύσατο,
993 1322 1136 1367 πολλὰ
1167 1321 1208 1365 δ’
1242 1323 1428 1373 ε’,δωκεν

210 1381 408 1438 Ἴμβριος
434 1379 633 1432 Ἠετίων,
663 1379 832 1436 πέμψεν
863 1381 908 1423 δ’
943 1381 984 1432 ἐς
1015 1383 1116 1424 δῖαν
1144 1379 1368 1436 Ἀρίσβην·

909 1484 1063 1540 prificum
1098 1483 1166 1517 dici
1200 1483 1367 1517 mirantur
1405 1481 1543 1539 quidam
1577 1493 1634 1525 ap.
1670 1481 1724 1516 E:

909 1529 954 1566 οὐ
978 1529 1050 1573 γάρ
1075 1529 1243 1565 ευθετεῖν
1267 1531 1319 1570 εἰς
1341 1526 1441 1573 ἅρμα
1464 1527 1530 1564 τὸν
1556 1529 1640 1574 [τῆς
1664 1540 1726 1563 συ-

908 1578 990 1621 κῆς]
1026 1575 1168 1619 ἐρινεόν
1203 1576 1268 1611 διὰ
1302 1575 1344 1610 τὸ
1382 1576 1594 1619 εὔθραστον
1630 1575 1725 1619 (imo

909 1623 1166 1667 εὔθραυστον,
1193 1628 1335 1666 propter
1350 1622 1623 1668 fragilitatem.)
1657 1622 1725 1657 τοῦ

910 1669 1047 1714 ξύλου,
1083 1671 1119 1705 εἰ
1148 1669 1200 1714 μή
1227 1682 1282 1709 τις
1307 1667 1441 1705 εαυτὸν
1457 1671 1595 1727 συκίνῃ
1620 1666 1724 1704 διδό-

911 1731 972 1752 ναι
994 1715 1126 1761 ἤθελεν
1142 1716 1347 1775 ἐπικουρίᾳ.
1381 1715 1494 1761 τυχὸν
1516 1715 1555 1751 δε
1571 1717 1622 1757 εἰς
1644 1717 1726 1751 δια-

910 1763 1051 1809 πλοκήν
1085 1777 1168 1798 τινα
1194 1762 1406 1820 ε’χρησίμευε
1431 1763 1480 1810 τῷ
1505 1761 1606 1808 τόπῳ
1632 1760 1725 1807 (τύ-

911 1812 986 1855 πῳ)
1020 1810 1087 1854 τῆς
1124 1809 1285 1866 ἄντυγος
1319 1807 1337 1846 ὁ
1379 1810 1462 1851 νέος
1503 1798 1622 1866 ὅρπηξ
1654 1808 1724 1844 τοῦ

912 1857 1075 1900 ἐρινεοῦ,
1115 1870 1165 1897 ως
1197 1854 1429 1900 εύλύγιστος,
1475 1853 1520 1891 ου’
1563 1857 1639 1900 μήν
1673 1857 1726 1896 εἰς

912 1903 1029 1947 αὐτὴν
1052 1903 1120 1949 τὴν
1149 1916 1302 1948 αντυγα.
1346 1910 1382 1937 at
1413 1902 1633 1937 flexibilitate
1663 1913 1725 1937 seu

911 1951 1046 1985 lentitia
1069 1962 1131 1984 sua
1152 1950 1252 1984 etiam
1279 1951 1344 1994 ipsi
1370 1950 1515 1994 margini
1535 1960 1654 1983 currus
1672 1949 1726 1983 fa-

911 1997 1075 2031 bricando
1107 2003 1209 2041 aptus
1249 1996 1359 2030 fuerit
1402 2007 1516 2030 ramus
1556 1995 1726 2040 caprifici.

910 2043 1001 2077 Plin.
1022 2044 1065 2077 H.
1089 2043 1135 2078 N.
1159 2045 1222 2085 16,
1238 2041 1296 2083 43,
1317 2044 1372 2078 83.
1388 2054 1397 2063 ·
1426 2044 1614 2085 cuicunque
1632 2043 1729 2085 operi

905 2091 1033 2134 facilia
1050 2091 1190 2134 flexilia
1222 2090 1361 2130 omnia,
1395 2101 1484 2133 quae
1518 2091 1612 2122 lenta
1637 2090 1728 2122 dixi-

912 2148 1008 2194 mus,
1047 2142 1254 2180 praeterque
1285 2147 1400 2169 morus
1432 2141 1468 2169 et
1501 2135 1728 2192 caprificus.)

914 2179 936 2218 ὅ
948 2196 1138 2227 ρπηκας.
1165 2181 1338 2224 κλάδους.
1365 2181 1485 2227 (παρὰ
1505 2180 1547 2216 τὸ
1568 2179 1729 2224 ὀρούειν,

911 2229 1023 2274 inquit
1056 2231 1122 2274 Ap.
1156 2240 1321 2286 operose
1332 2229 1382 2262 Ε.
1418 2227 1456 2264 ἐκ
1491 2228 1559 2265 τοῦ
1585 2228 1661 2286 ὄρω
1686 2226 1730 2264 τὸ

911 2277 1041 2320 πηδῶ,
1074 2275 1133 2311 καὶ
1169 2277 1239 2311 τοῦ
1263 2274 1398 2333 πήσσω
1422 2273 1545 2318 πήξω,
1582 2274 1601 2312 ὁ
1638 2289 1729 2310 ανα-

912 2321 1082 2367 πηδήσας
1137 2322 1188 2363 εἰς
1232 2320 1388 2367 αὔξησιν
1430 2321 1472 2358 εύ
1475 2323 1587 2382 παγῆ.
1648 2333 1730 2367 per-

911 2370 1002 2404 tinet
1024 2369 1174 2403 fortasse
1198 2370 1263 2403 hoc
1287 2370 1408 2404 vocab.
1433 2369 1477 2403 ad
1505 2368 1602 2413 ερπω
1627 2379 1729 2402 sensu

913 2415 1122 2449 extendendi
1139 2427 1200 2450 seu
1219 2417 1440 2461 spargendi.)
1471 2414 1527 2451 οὶν
1539 2415 1567 2451 ω’
1579 2421 1595 2450 ἰ’
1605 2428 1625 2450 σ
1637 2428 1728 2449 τον.

915 2460 1078 2496 ἀνυπονι
1063 2461 1194 2506 ιἠτον,
1220 2462 1517 2506 ἀπροσδόκητον.
1557 2463 1628 2518 (ab
1654 2458 1729 2497 ὀιο-

915 2521 993 2552 μαι.
1031 2508 1159 2554 Odyss
1185 2507 1240 2551 δ,
1265 2511 1343 2545 92
1380 2509 1457 2544 λάθ
1460 2522 1527 2554 ρ,η
1561 2507 1726 2544 ἅνωϊστί.

915 2575 962 2581 —
985 2555 1191 2600 Λῆμνον.
1223 2557 1286 2596 58,
1311 2557 1376 2596 79,
1402 2553 1453 2598 ξ,
1460 2523 1583 2611 9230.)
1631 2553 1728 2590 ἐπέ-

913 2613 1066 2645 ρασσε.
1102 2602 1308 2645 (78,102,
1334 2581 1464 2647 o'dyss.
1490 2599 1542 2645 ξ’,
1570 2603 1639 2636 297
1659 2606 1726 2636 etc.

912 2660 946 2682 v.
973 2648 1099 2682 Matth.
1125 2651 1158 2691 ς.
1180 2647 1259 2683 247.
1286 2660 1321 2683 v.
1346 2645 1572 2692 mnodum»)
1597 2647 1728 2705 πέραν

911 2693 1105 2739 θαλάσσης
1137 2692 1312 2739 gaminae.
1360 2695 1558 2749 (νηυσὶν
1590 2692 1727 2739 ἄγων

911 2743 1056 2776 novibus
1075 2741 1260 2782 abducens,
1285 2752 1352 2774 una
1373 2753 1446 2775 cum
1468 2740 1545 2775 aliis
1564 2741 1727 2786 captivis,

912 2789 946 2824 11.
966 2800 997 2822 e.
1021 2787 1144 2822 abduci
1165 2788 1308 2831 jubens:
1334 2798 1408 2820 nam
1438 2787 1617 2821 Patroclus
1643 2799 1726 2821 ven-

915 2835 1016 2869 didit.
1059 2846 1093 2870 ν.
1117 2833 1181 2874 ψ’,
1206 2834 1295 2873 746,
1319 2833 1399 2868 747.
1423 2853 1469 2858 —
1514 2832 1622 2871 υὶός
1645 2831 1726 2878 Ἰή-

915 2893 1067 2921 σονος.
1105 2880 1257 2914 Ευηὲυε.
1297 2891 1330 2912 v.
1355 2878 1409 2922 η’,
1434 2880 1541 2922 468.)
1589 2876 1726 2915 ὦνον.

915 2925 996 2972 (ψ’.
1021 2927 1109 2968 746,
1137 2927 1264 2971 Odyss.
1289 2923 1339 2969 ξ’,
1363 2926 1450 2969 297,
1478 2925 1531 2968 o‘,
1555 2927 1624 2962 388
1642 2927 1727 2971 etc.)

915 2973 1036 3017 αἰνὴν,
1061 2972 1183 3015 τιμήν.
1221 2984 1254 3003 v.
1276 2973 1333 3005 79.

962 3019 1007 3056 43
1023 3039 1054 3044 -
1071 3021 1127 3055 52.
1149 3017 1333 3065 Ἰμβριο
1347 3031 1372 3060 ς.
1411 3030 1476 3052 11011
1501 3019 1642 3054 Thebes
1668 3031 1727 3054 rex
