1847 3277
174 330 319 380 χεῖρας
350 326 457 394 ἔχων
487 325 691 396 Ἀχιλῆος.

48 476 52 530 Ι

42 605 49 744 1

174 777 293 831 [ἔνθ’
326 775 397 832 άρ’
435 778 509 832 ἔην
540 777 717 833 Γλαύκη
747 795 812 831 τε,

31 1472 147 1509 ὐθεν
183 1491 229 1499 -
268 1469 483 1515 ἑκάστης.
526 1470 641 1504 soluta
683 1470 801 1503 subtus

0 1541 2 1548 ι
31 1521 147 1556 embra
166 1524 246 1553 sunt
266 1521 426 1562 cujusque
448 1516 619 1560 captivae,
646 1517 679 1549 h.
697 1528 727 1549 e.
738 1528 800 1561 pe-

29 1577 75 1608 ts,
103 1565 262 1600 concidit.
289 1577 323 1601 v.
399 1564 521 1604 ,469
558 1575 615 1602 π,
640 1563 706 1597 805
732 1569 801 1598 etc.

28 1611 344 1655 -κυδάλιμον.
355 1566 408 1644 ὁδ’
413 1633 424 1650 ,
460 1612 545 1649 100,
579 1607 633 1649 κ’,
661 1610 704 1643 16
736 1613 801 1641 etc.

27 1680 39 1685 -
65 1661 220 1694 δείδιε
243 1677 288 1682 -—
320 1655 511 1700 σιδήρῳ.
549 1654 663 1688 timuit
687 1654 802 1687 Achil-

27 1717 63 1748 s,
88 1718 130 1739 ne
157 1705 275 1738 collum
306 1702 468 1737 Patroclo
493 1705 629 1735 secaret
656 1701 801 1742 Hector,

23 1752 83 1786 uod
106 1753 222 1785 fatere
237 1750 449 1784 1ntenderat
477 1759 513 1781 v,
544 1747 597 1789 ρ’,
627 1747 710 1789 126,
747 1746 799 1779 in-

0 1798 5 1819 *
23 1810 46 1832 ἰι
75 1800 193 1834 175-
217 1798 306 1833 177,
332 1803 367 1830 et
395 1795 522 1849 ipsius
528 1772 668 1826 Acliillis
693 1792 800 1827 minas

21 1846 60 1880 35
82 1864 111 1868 -
127 1845 217 1885 337,
243 1848 278 1876 et
296 1841 472 1887 Euphorbi
492 1838 542 1882 ρ’,
567 1841 630 1880 39,
655 1840 711 1874 40.

38 1891 138 1926 35—
147 1892 205 1926 37
230 1888 540 1932 σμερδαλέον.
564 1884 617 1932 β’,
642 1886 710 1920 334
732 1889 799 1918 etc.

20 1936 314 1982 -ὤμωξεν.γ
340 1934 528 1977 3‚64etc
551 1928 798 1966 -άκουσε

19 1982 264 2040 -γέροντι,
294 1949 357 2023 α’,
391 1982 483 2019 357,
515 1979 594 2013 358.
625 1997 669 2002 —
697 1977 798 2011 Sch..

26 2041 218 2065 ωκυσεν.
244 2029 327 2072 (71,
351 2025 403 2072 χ’,
428 2028 496 2061 407
515 2022 798 2067 ειο.)άνέκλαν-

16 2087 64 2111 εν.
95 2094 140 2101 —-
182 2073 518 2132 ἀμφαγέροντο
561 2070 665 2104 semel
698 2070 797 2111 dixit,

33 2133 97 2166 epe
129 2126 239 2157 autem
266 2119 474 2167 ἀγέρεσθαι.
499 2129 534 2152 v.
557 2116 646 2160 245,
678 2115 734 2162 β’,
752 2115 798 2152 94

15 2173 132 2250 tc39—
142 2214 198 2250 49.
222 2223 340 2248 versus
359 2212 456 2246 obelo
472 2209 583 2245 notati
601 2220 622 2242 a
641 2207 801 2242 Zenodo-

42 2285 53 2301 ,
89 2257 137 2300 ὥς
162 2258 367 2295 ςΗσιόδειον
392 2258 533 2302 ἔχοντες
574 2257 796 2299 χαρακτῆρα.

16 2306 179 2340 eneratim
194 2306 291 2339 Hom.
305 2305 389 2339 dicit
401 2305 529 2345 Musas,
552 2302 708 2342 Gratias,
725 2301 795 2334 F-u

12 2352 80 2395 ias,
130 2351 232 2396 Ilithy
236 2352 309 2393 ias,
357 2350 492 2395 nomina
535 2360 599 2382 non
641 2347 794 2392 apponit.

16 2404 174 2433 taeterea
191 2398 413 2432 Callistratus
446 2408 499 2440 ap.
528 2393 642 2428 Schol.
662 2397 691 2427 A
711 2394 796 2427 haec

24 2449 80 2478 cta
116 2455 192 2478 esse
221 2448 327 2488 negat
371 2443 406 2476 in
439 2442 591 2476 editione
623 2439 794 2483 Argolica.

15 2501 98 2524 unre
129 2490 269 2524 uncinos
305 2489 434 2543 immisi.
489 2490 541 2522 E:
577 2486 696 2523 ἰστέον
739 2484 792 2527 δὲ,

26 2536 119 2581 quit,
169 2549 220 2576 ως
265 2533 432 2580 ὀνόματα
483 2537 565 2574 ταῖς
608 2532 794 2577 Νηρηίσιν

31 2593 67 2622 μ.
95 2581 262 2623 πλάττει,
297 2581 402 2617 καθά
436 2595 508 2617 που
534 2581 594 2616 καὶ
626 2578 795 2620 Ησίοδος

3 2627 143 2672 Theog.
159 2630 227 2664 243
246 2648 291 2652 —
310 2630 432 2674 262.‚)
457 2627 531 2663 άπὸ
565 2629 638 2662 τῶν
663 2627 794 2671 συμβε-

16 2673 155 2718 ηκότων
188 2673 213 2719 ἢ
244 2673 360 2716 ἄλλως
403 2673 727 2728 ἐνθεωρουμὲνων
749 2674 794 2718 τῇ

0 2731 27 2753 ,ε
49 2720 218 2768 θαλάσσῃ
240 2722 302 2757 καὶ
327 2723 378 2768 τῷ
402 2727 566 2767 στοιχείῳ
603 2721 671 2756 τοῦ
703 2716 796 2754 νδα-

0 2778 62 2807 τος.
89 2777 226 2812 quorum
250 2770 417 2803 nominum
449 2770 614 2815 pleraque
643 2765 794 2811 perfaci-

4 2812 37 2846 ia
66 2818 145 2846 sunt
167 2814 359 2859 explicatu;
384 2815 545 2849 nonnulla
573 2826 655 2848 vero
687 2812 794 2846 minus

0 2865 124 2903 ψει-ιο,
148 2871 289 2915 quorum
306 2862 336 2895 E
354 2862 414 2895 has
436 2861 622 2905 adscripsit
643 2858 794 2893 notatio-

0 2916 61 2938 nes.
124 2904 306 2942 Θάλεια
340 2906 403 2943 διά
434 2907 476 2943 τὸ
508 2909 577 2942 τοῦ
609 2917 792 2950 στοιχεια-

0 2952 55 2986 τοῦ
78 2948 218 2993 υδατος
239 2955 422 3011 ζωογονον
447 2952 484 2989 ἔν
507 2966 545 2989 τε
570 2950 712 2994 αλλοις,
730 2951 793 2987 καὶ

0 2995 27 3032 ἓν
51 3001 189 3043 φυτοῖς
213 2998 268 3043 δὲ,
290 2998 355 3045 ἐφ’
381 2995 434 3036 οἷν
457 2998 499 3036 td
533 2999 689 3036 θάλλειν
728 3011 793 3035 κυ-

560 163 984 204 ΙΛΙΑΔΟΣ
1044 164 1098 204 Σ.

1601 172 1654 212 51

171 266 415 323 Ἀντίλοχος
444 269 486 312 δ’
517 267 730 320 ἑτέρωθεν
759 270 962 325 ὀδύρετο,
995 270 1166 324 δάκρυα
1197 274 1364 329 λείβων,

752 327 775 371 ὃ
805 327 847 371 δ’
880 329 1021 371 ἔστενε
1050 326 1294 398 κυδάλιμον
1323 336 1407 388 κῆρ

176 383 324 435 [δείδιε
353 381 436 438 γάρ
468 381 526 437 μὴ
555 384 714 439 λαιμὸν
747 382 1003 440 άποτμήξειε
1034 384 1231 442 σιδήρῳ],

360 483 459 518 quem
485 472 671 507 exaudiunt
694 474 817 508 Thetis
840 479 876 508 et
899 475 1082 510 Nereides.

48 536 143 595 35
174 550 441 605 σμερδαλέον
470 549 511 593 δ’
542 550 731 620 ᾤμωξεν.
770 551 932 595 α’κουσε
963 552 1008 595 δὲ
1037 552 1195 596 πότνια
1225 553 1380 612 μήτηρ,

172 607 308 662 ἡμένη
340 607 386 650 ἐν
415 597 648 680 βένθεσσιν
678 607 782 659 ἁλός
812 608 932 662 παρὰ
961 610 1092 663 πατρὶ
1120 609 1306 664 γέροντι,

171 664 368 707 κώκυσέν
396 662 438 706 τ’
473 663 546 718 ἄρ’
578 665 745 708 ἔπειτα·
775 666 874 708 θεαὶ
903 665 949 708 δέ
978 683 1054 719 μιν
1084 665 1395 726 ἀμφαγέροντο

171 725 331 772 πᾶσαι,
345 719 464 792 ὅραι
492 738 601 764 κατα
632 722 791 791 βένθος
822 721 926 772 ἁλὸς
951 725 1173 778 Νηρηΐδες
1205 727 1332 779 η’σαν.

846 778 1006 821 Θάλειά
1035 795 1101 830 τε,
1136 781 1378 838 Κυμοδόκη
1408 798 1466 833 τε,

86 833 141 880 40
178 836 377 891 Νησαίη,
408 834 555 878 Σπειώ
592 851 661 885 τε,
698 835 790 891 Θόη
818 835 882 886 θ’,
910 835 1028 890 Αλίη
1058 852 1102 879 τε
1132 839 1309 891 βοωπις,

177 892 388 948 Κυμοθόη
418 909 483 945 τε,
514 892 587 935 καὶ
612 890 802 948 Ἀκταίη,
833 893 906 935 καὶ
935 892 1196 961 Λιμνώρεια,

169 950 244 993 καὶ
273 951 465 1018 Μελίτη,
494 949 567 991 καὶ
587 947 751 1002 Ἴαιρα,
782 949 854 991 καὶ
878 947 1120 1004 Ἀμφιθόη,
1149 949 1223 992 καὶ
1248 948 1417 1020 Ἀγαύη,

169 1004 312 1048 Δωτώ
340 1021 412 1056 τε,
446 1004 615 1059 Πρωτώ
641 1021 710 1054 τε,
748 1005 956 1058 Φεροῦσά
982 1022 1045 1054 τε,
1077 1006 1314 1075 Δυναμενή
1343 1024 1400 1058 τε,

171 1061 396 1117 Δεξαμενή
425 1077 493 1110 τε,
524 1061 598 1104 καὶ
623 1059 887 1130 Ἀμφινόμη,
919 1061 992 1104 καὶ
1023 1062 1330 1116 Καλλιάνειρα,

85 1117 140 1165 45
171 1119 338 1172 Δωρὶς,
368 1117 441 1162 καὶ
473 1117 681 1189 Πανόπη,
712 1118 785 1160 καὶ
817 1116 1044 1173 ἀγακλειτὴ
1077 1117 1304 1167 Γαλάτεια,

173 1176 404 1247 Νημέρτης
434 1191 498 1227 τε,
529 1175 603 1217 καὶ
630 1172 860 1229 Ἀψεύδης,
892 1175 966 1218 καὶ
999 1174 1334 1218 Καλλιάνασσα·

168 1233 280 1276 ἔνθα
310 1231 354 1276 6'
381 1233 455 1286 ἔην
488 1209 716 1286 Κλυμένη,
742 1231 924 1286 Ἰάνειρά
951 1247 1018 1282 τε,
1049 1232 1123 1274 καὶ
1149 1229 1364 1284 Ἰάνασσα,

72 1289 79 1327 η’
168 1294 349 1344 Μαῖρα,
376 1290 450 1332 καὶ
477 1287 728 1342 Ὠρείθυια,
765 1287 1038 1343 ἐϋπλόκαμός
1070 1287 1110 1331 τ’
1136 1286 1359 1345 Ἀμάθεια,

36 1331 69 1389 s
167 1346 298 1390 α’λλαι
323 1345 376 1390 θ’
385 1377 397 1399 ,
428 1348 472 1389 αι
501 1345 611 1389 κατὰ
643 1345 805 1401 βένθος
834 1345 939 1397 ἁλός
968 1347 1191 1402 Νηρηΐδες
1218 1346 1358 1402 ησαν.]

847 1473 1095 1514 ριολεκτεῒται.
1113 1488 1159 1496 ——
1184 1467 1242 1505 ὅτι
1267 1467 1307 1504 δὲ
1325 1464 1414 1504 οὐδὲ
1438 1464 1479 1501 τό
1505 1465 1653 1502 θαλάτ-

847 1530 928 1551 τιον
959 1515 1063 1559 υδωρ
1088 1515 1299 1561 ἐστρέρηται
1330 1516 1380 1557 εις
1411 1513 1452 1548 τό
1477 1513 1555 1548 πᾶν
1584 1516 1654 1550 τοῦ

847 1567 968 1599 ποιεῖν
1002 1563 1176 1606 θάλλειν,
1215 1564 1368 1619 δηλοῦσι
1389 1562 1473 1604 δίχα
1507 1562 1655 1605 φυκίων

847 1624 908 1645 και
932 1611 1050 1654 μνίων
1074 1610 1136 1644 καὶ
1161 1609 1198 1644 οὶ
1221 1607 1325 1652 παρὰ
1351 1622 1395 1653 τη
1419 1607 1565 1653 ἱστορία
1588 1609 1654 1653 βα-

847 1656 1150 1701 λανηφαγοῦντές
1172 1668 1246 1691 που
1271 1655 1421 1691 θύννοι.
1452 1653 1517 1686 hoc
1539 1654 1653 1688 nescio

847 1705 937 1737 unde
967 1705 1113 1744 habeat3
1149 1708 1245 1736 certe
1284 1713 1351 1735 non
1382 1701 1425 1734 ab
1453 1700 1654 1742 Aristotele,

846 1750 903 1795 qui
922 1751 1070 1794 thynnos
1096 1755 1297 1782 annumerat
1322 1747 1470 1801 piscibus
1494 1746 1654 1780 carnivo-

845 1797 911 1837 ris,
946 1797 988 1830 οι’
1007 1797 1077 1830 εἰσι
1101 1794 1335 1839 σαρκοφάγοι
1364 1792 1499 1837 μόνον,
1534 1792 1578 1826 Η.
1605 1792 1652 1827 Ν.

845 1844 888 1883 8,
913 1841 955 1882 4,
983 1844 1014 1876 1.
1038 1853 1103 1875 non
1128 1841 1236 1885 magis
1256 1840 1444 1874 audiendus
1471 1843 1546 1877 est,
1577 1849 1653 1873 cum

834 1885 1048 1930 Ἴαιραν,
1071 1885 1313 1930 Ἰάνειραν
1337 1891 1372 1919 et
1395 1883 1653 1920 Ἰάνασσαν

845 1935 1034 1979 appellatas
1058 1940 1157 1978 putat
1179 1932 1281 1976 παρά
1319 1930 1362 1967 τὸ
1385 1932 1536 1971 ἰαίνειν,
1574 1929 1653 1967 ἐπεὶ

842 1981 1016 2015 τοιοῦτον
1040 1980 1081 2015 τὸ
1100 1984 1300 2034 στοιχεῖον,
1324 1976 1559 2022 εὐφρόσυνον
1585 1978 1652 2023 δη-

843 2025 937 2086 λαδή
973 2023 1234 2068 πολυτρόπως·
1272 2022 1365 2061 ὅθεν
1396 2024 1460 2058 καί
1493 2035 1547 2063 τις
1571 2026 1651 2068 Νη-

845 2074 925 2131 ρηϊς
950 2076 1132 2117 Μελίτη
1156 2072 1317 2117 λέγεται,
1343 2082 1392 2110 ως
1419 2072 1568 2108 πολλοῖς
1592 2071 1651 2105 αἰ-

842 2123 905 2154 τία
938 2120 1161 2164 γλυκασμοῦ.
1207 2129 1324 2151 verum
1353 2116 1487 2173 quidem
1514 2117 1578 2149 hoc
1607 2117 1651 2151 de

845 2168 996 2208 Melite„
1032 2177 1130 2211 quam
1151 2164 1324 2208 intelligas
1355 2162 1424 2207 τὴν
1443 2164 1651 2207 μελιτερπῆ,

845 2214 958 2258 qualis
984 2217 1038 2246 est
1062 2213 1189 2246 Nereis
1206 2210 1266 2243 illa
1288 2221 1348 2243 seu
1365 2210 1471 2250 Nais,
1507 2209 1551 2242 de
1583 2221 1650 2254 qua

844 2261 1021 2293 G6theus:
1046 2259 1094 2292 sie
1113 2258 1237 2301 sprach
1253 2269 1296 2289 zu
1314 2256 1405 2297 ihm,
1430 2256 1481 2288 sie
1495 2266 1588 2300 sang·
1607 2268 1651 2289 zu

842 2307 938 2347 ihm,·
963 2306 1019 2338 Da
1038 2304 1141 2337 war’s
1161 2315 1219 2336 um
1247 2303 1309 2335 ihn
1339 2302 1529 2347 geschelm·
1555 2302 1649 2334 Halb

841 2364 910 2398 zog
926 2353 975 2386 sie
995 2352 1075 2394 ihu,
1100 2351 1180 2383 halb
1201 2349 1290 2382 sank
1308 2360 1344 2381 er
1360 2349 1432 2389 hin,
1462 2348 1538 2381 Und
1550 2348 1650 2381 ward

841 2400 936 2432 nicht
964 2399 1060 2432 mehr
1090 2396 1232 2440 gesehn.
1280 2395 1340 2428 sed
1354 2392 1476 2436 Ἴαιρα
1498 2391 1594 2437 851,τὶ
1621 2391 1647 2435 ἶ,

840 2445 873 2478 h.
892 2457 921 2479 e.
945 2443 1025 2489 ἶφι,
1049 2444 1219 2484 αἶ’,ρουσα
1239 2452 1328 2485 quae
1346 2442 1381 2474 υἱ
1402 2441 1515 2479 tollit,
1539 2444 1578 2473 ut
1591 2439 1647 2473 Ο-

839 2491 933 2535 dyss.
967 2490 1010 2532 ε’,
1042 2491 1143 2525 393.:
1180 2486 1340 2532 μεγάλου
1375 2483 1449 2521 υπό
1482 2483 1648 2527 κύματος

839 2537 991 2581 ἀρθεὶς,
1029 2536 1229 2580 pariterque
1253 2545 1371 2567 nomen
1396 2531 1551 2586 Ἰάνειρα
1583 2533 1647 2566 du-

840 2586 982 2618 cendum
1003 2590 1054 2617 est
1073 2583 1115 2616 ab
1134 2581 1287 2615 obsoleto
1305 2579 1361 2612 illo
1381 2577 1398 2614 ἶ
1415 2585 1451 2613 et
1468 2574 1582 2623 άνὴρ,
1607 2581 1646 2612 ul.

839 2631 1012 2675 significet
1041 2629 1252 2684 N)mpham,
1284 2627 1433 2659 mascula
1462 2625 1495 2657 vi
1521 2637 1561 2659 ac
1589 2635 1645 2656 ro-

841 2678 923 2710 bore
951 2675 1164 2721 praeditam,
1201 2672 1373 2707 Ἰάνασσα
1401 2678 1514 2706 autem
1545 2669 1646 2714 plane

841 2723 958 2757 eadem
989 2727 1042 2757 est
1060 2727 1164 2764 atque
1189 2717 1430 2773 Ἰφιάνασσα,
1462 2717 1552 2761 quod
1574 2715 1646 2748 sre-

841 2769 1000 2814 quentius
1015 2767 1153 2801 dicitur.
1177 2785 1222 2792 —
1247 2762 1408 2807 Λωτω,
1434 2775 1453 2797 a
1474 2763 1547 2801 διδ,
1573 2759 1645 2795 δώ-

841 2826 911 2856 σω,
936 2821 974 2849 ut
993 2815 1040 2849 ait
1058 2814 1102 2854 E,
1125 2817 1179 2846 est
1196 2812 1291 2845 velut
1315 2811 1427 2844 datrix
1447 2820 1508 2842 seu
1534 2808 1645 2840 dona-

839 2863 930 2901 trix,
954 2872 1066 2904 quam
1094 2840 1267 2901 intelligas
1285 2857 1365 2891 licet
1386 2856 1545 2898 impetum
1573 2863 1639 2886 ma·

839 2908 886 2941 ris
905 2886 940 2941 e't
968 2906 1166 2945 fluviorum,
1211 2904 1322 2937 limum
1352 2901 1455 2935 terris
1482 2899 1644 2933 inducen-

838 2953 933 2989 tium.
958 2965 1033 2987 nam
1050 2950 1183 2995 longius
1194 2949 1375 2993 repetitum
1392 2946 1535 2980 estillud
1556 2943 1643 2980 θεοὶ

839 3000 1003 3045 δωτῆρες
1026 2996 1146 3039 ἐάων,
1169 2996 1262 3041 quod
1287 2995 1353 3028 huc
1380 2991 1489 3028 trahit
1507 2991 1551 3026 E.
1569 3002 1642 3026 ma-

1301 3043 1366 3083 4,
