1847 3277
15 1805 20 1862 ἰ

78 2159 337 2198 Anuotationes.
387 2164 540 2199 Levibus
559 2165 602 2199 de
621 2165 732 2200 causis
756 2166 844 2200 hunc

21 2204 156 2243 ”librum
195 2209 231 2244 in
263 2210 490 2256 suspicionem
525 2212 696 2245 adducere
729 2212 845 2246 conati

30 2259 112 2290 sunt
143 2254 280 2300 quidam
313 2257 427 2299 docti,
461 2269 546 2301 quos
572 2259 701 2293 refellit
725 2258 759 2291 Η
784 2269 844 2291 ex-

32 2312 135 2336 cursu
161 2304 205 2343 1.‚
238 2314 336 2348 quem
361 2303 393 2337 ei
421 2304 565 2338 addidit.
616 2306 687 2339 MV:
719 2305 846 2347 „Tout

26 2359 67 2381 ce
87 2348 191 2384 chant
215 2360 236 2382 a
257 2350 313 2383 ete
333 2350 482 2393 regarde
499 2362 627 2385 comme
644 2351 844 2396 apocryphe

28 2405 94 2440 par
128 2395 296 2440 quelques
327 2396 491 2441 critiques
515 2399 706 2439 modernas,
743 2403 844 2431 entre

26 2441 150 2474 'autres
185 2452 250 2487 par
277 2441 413 2475 Jensius
456 2443 650 2486 (Obserw-
691 2445 734 2477 de
763 2442 842 2478 stilo

27 2485 192 2528 Homeri,
231 2487 275 2522 ad
291 2488 416 2522 calcem
450 2489 737 2523 Lucubrationum
772 2489 843 2523 He-

20 2527 146 2577 Ἐγὼ.)
179 2536 215 2567 et
246 2545 310 2578 par
333 2535 462 2568 Dawes
493 2535 657 2579 (Miscen.
695 2537 774 2569 crit.
809 2547 843 2581 p.

29 2579 112 2614 257.
140 2579 196 2613 ed.
224 2580 303 2614 anni
339 2581 476 2625 1818.);
515 2581 598 2616 mais
628 2582 678 2615 les
709 2583 843 2616 raisons

30 2623 90 2670 qni
114 2624 268 2660 donnent
289 2632 374 2661 sont>
399 2628 442 2662 de
467 2640 534 2674 peu
561 2629 604 2662 de
618 2630 750 2662 valeur.
775 2629 843 2662 Les

0 2693 1 2709 1
31 2669 170 2705 amiens
198 2673 457 2716 grammairiens
487 2685 524 2708 se
555 2675 681 2709 taisent
711 2687 769 2709 sur
803 2687 843 2709 ce

31 2715 140 2760 point.
187 2718 240 2752 Ce
269 2718 353 2763 qu'il
377 2732 400 2765 y
437 2732 457 2754 a
481 2720 525 2754 de
551 2724 631 2762 sssr,
667 2720 753 2755 c'est
776 2732 843 2766 que

31 2771 72 2794 ce
94 2761 201 2797 ebant
227 2766 398 2800 renferme
422 2767 484 2800 des
509 2768 654 2801 beantes
682 2766 762 2800 d'un
783 2778 842 2800 or-

33 2805 96 2840 dre
118 2818 184 2841 non
203 2810 310 2845 moins
324 2812 421 2846 eleve
441 2825 506 2858 que
522 2814 624 2847 celles
642 2813 701 2846 des
718 2814 842 2847 chants

32 2853 261 2932 frecedents,
294 2862 330 2891 et
352 2858 454 2903 qu'on
487 2871 510 2904 y
533 2867 657 2894 trouve
681 2860 713 2892 la
739 2860 840 2893 scene

46 2910 66 2932 a
98 2898 175 2944 plus
208 2901 308 2937 nobie
334 2909 370 2937 et.
398 2905 432 2938 la
466 2907 545 2950 plus
577 2906 761 2939 touchante
797 2906 841 2939 de

29 2947 128 2979 toute
151 2946 304 2990 vlliade,
335 2954 428 2984 cette
460 2951 647 2986 admirable
677 2959 840 2985 entrevue

29 2990 74 3024 de
94 2991 207 3026 Priam
232 2999 267 3028 et
299 2994 465 3030 d'Achine
486 3008 572 3042 pour
589 2999 621 3032 la
642 3009 768 3037 rancon
794 2998 839 3031 du

30 3036 181 3072 cedavre
198 3038 378 3083 ‹Px—lector,
402 3053 560 3078 morceau
578 3044 639 3089 qui
661 3055 742 3079 sans
758 3055 840 3079 con-

517 1180 896 1218 ΕΚΤΟΡΟΣ
961 1184 1231 1218 ΛΤΤΡΑ.

256 1410 363 1444 Ludis
387 1409 510 1451 editis,
533 1412 664 1448 Graeci
689 1416 836 1447 coenant
860 1417 896 1445 et
918 1422 1035 1445 somno
1059 1409 1258 1453 findnlgenn
1300 1408 1448 1445 Achilles
1479 1417 1590 1447 autem
1623 1425 1704 1459 per-

176 1454 300 1499 vigilat
324 1464 454 1492 noctem
479 1459 589 1501 illam,
613 1470 777 1504 maneque
793 1457 954 1491 Hectoris
978 1467 1126 1503 empna,
1151 1467 1254 1490 curru
1278 1456 1457 1500 religatum
1484 1470 1561 1499 suo,
1587 1466 1704 1506 raptat

175 1500 268 1536 circa
292 1505 453 1538 tumulum
479 1505 650 1548 Patrocli3
674 1505 765 1550 quod
788 1511 903 1538 tamen
926 1504 1047 1548 Apollo
1072 1503 1115 1537 ab
1141 1501 1230 1536 omni
1254 1501 1378 1545 injuria
1401 1503 1563 1540 vindicat.

132 1608 135 1611 ·
200 1570 348 1636 Λύτο
381 1592 425 1637 δ’
459 1592 601 1650 dyeia),
631 1595 730 1638 λαοὶ
759 1594 804 1638 δὲ
836 1593 949 1645 θοὰς
980 1592 1050 1637 ἐπὶ
1078 1596 1189 1647 νῆας
1219 1591 1395 1637 ἕκαστοι

204 1649 452 1694 ἐσκίδναντ’
484 1652 607 1696 ἰέναι.
648 1653 718 1696 τοὶ
747 1650 827 1708 μὲν
856 1650 1039 1705 δόρποιο
1069 1650 1255 1705 μέδοντο

201 1705 351 1750 ὕπνου
380 1724 424 1751 τε
453 1713 670 1764 γλυκεροῦ
700 1707 993 1764 ταρπήμεναι·
1035 1705 1175 1760 αὐτὰρ
1200 1705 1414 1762 Ἀχιλλεὺς

206 1769 352 1817 κλαῖε,
384 1769 519 1821 φίλου
550 1761 709 1821 ἑτάρου
739 1765 1029 1821 μεμνημένος,
1062 1763 1168 1807 οὐδέ
1197 1780 1274 1819 μιν
1302 1763 1443 1815 ὕπνος

151 1825 177 1868 5
204 1819 303 1878 ᾔρει
333 1822 652 1879 πανδαμάτωρ,
696 1822 793 1866 ἀλλ’
823 1819 1042 1876 ἐστρέφετ’
1077 1821 1187 1864 ἔνθα
1216 1821 1288 1863 καὶ
1320 1821 1444 1873 ἔνθα,

208 1878 473 1932 Πατρόκλου
501 1882 680 1924 ποθέων
709 1878 930 1936 ἁδροτῆτά
960 1894 1029 1929 τε,
1060 1878 1134 1921 καὶ
1163 1878 1296 1942 μένος
1325 1875 1396 1933 ἠῢ,

203 1934 277 1991 ἠδ’
308 1935 452 1980 ὁπόσα
482 1937 721 1981 τολύπευσε
753 1936 836 1980 σύν
866 1934 1004 1992 αὐτῷ,
1035 1935 1107 1978 καὶ
1136 1940 1278 1978 παθεν
1308 1935 1454 1990 ἄλγεα,

208 1991 389 2046 ἀνδρῶν
418 2010 464 2037 τε
492 1995 759 2050 πτολέμους,
791 1992 989 2048 α’λεγεινά
1017 2008 1062 2035 τε
1092 1990 1265 2047 κύματα
1293 1993 1470 2046 πείρων.

204 2053 293 2092 τῶν
319 2050 675 2108 μιμνησκόμενος
704 2050 898 2106 θαλερὸν
925 2048 1037 2094 κατὰ
1070 2048 1268 2104 δάκρυον
1297 2046 1425 2105 εἶβεν,

888 2162 997 2198 tredit
1031 2162 1232 2209 appartient
1264 2161 1285 2196 ὲ
1315 2161 1350 2196 la
1387 2161 1462 2207 plus
1491 2161 1581 2196 belle
1613 2160 1704 2196 anti-

890 2211 1023 2255 quitef‘
1041 2229 1087 2234 ——
1112 2209 1212 2242 Vers.
1241 2211 1314 2243 1-
1330 2209 1383 2242 12.
1431 2209 1534 2242 sch-t
1561 2206 1705 2253 ἀγών.

892 2254 957 2299 (η’,
982 2257 1064 2296 298,
1089 2252 1132 2296 α’,
1156 2256 1238 2296 376,
1271 2253 1327 2298 ψ’,
1357 2255 1426 2289 258
1451 2256 1538 2299 etc.)
1572 2256 1642 2290 νῦν
1660 2255 1702 2290 τὸ

891 2302 1084 2346 ἄθροισμα
1107 2303 1180 2336 τῶν
1205 2301 1366 2336 θεατῶν.
1394 2299 1553 2344 δόρπο
1569 2314 1612 2336 ιο
1639 2299 1704 2346 (η’,

891 2351 972 2391 370,
1008 2349 1044 2390 ι’,
1082 2349 1126 2383 88
1165 2348 1249 2390 etc.)
1308 2346 1531 2390 μέδοντο.
1577 2347 1703 2391 ἐπεμε-

885 2397 1020 2431 λοῦντο
1044 2395 1187 2439 τροφῆς
1204 2394 1267 2430 καὶ
1289 2392 1424 2429 ὕπνου.
1463 2395 1566 2440 (Aps
1592 2407 1703 2438 ταρ-

887 2440 1121 2486 πήμεναι.
1175 2440 1319 2486 [Odyss.
1347 2440 1402 2484 ψ’,
1439 2441 1520 2476 346.
1564 2442 1609 2475 cf.
1652 2441 1702 2475 ib.

888 2490 984 2531 2121
1025 2489 1252 2533 τερφθῆναι.
1280 2506 1327 2512 -
1362 2484 1514 2528 ,,οὕδέ
1553 2499 1632 2531 μιν
1655 2506 1702 2513 -

887 2533 1236 2578 πανδαμάτωρ.
1298 2533 1454 2567 similiter
1496 2533 1624 2578 Odyss.
1665 2532 1702 2574 ι’,

888 2582 968 2617 372.
995 2586 1117 2615 notant
1143 2580 1173 2614 E
1198 2586 1235 2614 et
1251 2579 1308 2614 alii
1325 2579 1470 2620 Scholl„
1493 2578 1703 2614 Simonidem

888 2638 1037 2661 somnum
1071 2627 1200 2661 dixisse
1234 2627 1523 2679 Goeuaot'mmtoe3“
1566 2626 1619 2658 E:
1653 2626 1701 2659 H.

889 2693 928 2698 -—-
960 2671 1221 2718 ἆδροτῆτα.
1270 2670 1320 2713 π’,
1353 2672 1433 2710 857,
1474 2683 1518 2715 χ,
1550 2671 1630 2706 363.
1655 2691 1702 2696 -

887 2718 1031 2763 μένος
1054 2717 1122 2766 ἠΰ.
1162 2718 1205 2762 ρ’,
1230 2718 1310 2755 456,
1335 2716 1382 2755 ν’,
1408 2719 1464 2752 80.
1490 2736 1532 2741 -
1567 2715 1702 2753 τολύ-

886 2777 1052 2809 πευσε,
1103 2766 1252 2810 peregit.
1287 2760 1329 2806 ξ’,
1371 2764 1448 2806 86.)
1501 2765 1700 2806 πείρων.

887 2812 955 2856 (π’,
994 2814 1062 2848 405
1092 2812 1181 2854 etc.)
1209 2810 1408 2851 διαπερῶν.
1445 2809 1526 2854 (per
1556 2821 1700 2855 zeugma

885 2861 1022 2902 πείρων
1069 2858 1284 2892 referendum
1319 2861 1372 2889 est.
1408 2856 1451 2889 ad
1485 2856 1702 2900 πτολέμους.

886 2905 1014 2949 legitur
1038 2906 1093 2939 hic
1116 2914 1239 2937 versus
1263 2901 1365 2936 etiam
1390 2901 1423 2935 in
1450 2901 1621 2946 Odyssea,
1644 2903 1699 2945 θ’,

890 2953 968 2992 183,
1005 2951 1050 2993 ν’,
1092 2952 1150 2989 91,
1184 2948 1264 2984 264.
1298 2965 1343 2973 —
1375 2949 1590 2991 θαλερὸν
1623 2949 1700 2985 διὶ-

869 3008 967 3043 ’κρυ
982 3010 1047 3033 ον.
1079 2996 1207 3039 odyss.
1235 2993 1278 3034 λ’,
1300 2995 1383 3037 390,
1407 2993 1446 3029 ΙΙ.
1466 2994 1512 3040 β’,
1535 2995 1605 3030 266
1629 3001 1696 3030 etc.

886 3063 932 3069 -
955 3039 1301 3087 κατά-εἶβεν.
1332 3038 1384 3081 π’,
1410 3042 1466 3082 11,
1500 3041 1629 3087 Odyss.
1653 3040 1697 3087 λ’,

1304 3095 1411 3140 18¹*
