1877 3277
637 127 1070 169 ΙΛΙΑΔΟΣ
1123 129 1188 168 Μ.

1663 132 1749 173 135

217 239 284 282 *εἰ
313 238 393 308 μὲν
421 237 506 293 γάρ
538 235 592 292 δή
622 234 769 293 πάγχυ
797 236 914 279 κακὰ
945 235 1152 305 φρονέων
1181 234 1390 306 ἀλαπάζει

245 295 359 345 Ζευς
387 293 705 364 ὑψιβρεμέτης,
740 291 938 364 Τρώεσσι
969 292 1015 336 δὲ
1045 291 1219 347 βούλετ’
1251 290 1444 349 ἀρήγειν,

245 355 272 408 ἡ
303 349 345 394 τ’
379 350 435 394 ἂν
464 349 596 407 ἔγωγ’
627 350 840 420 ἐθέλοιμι
855 349 930 392 καὶ
961 347 1120 393 αὐτίκα
1147 352 1279 392 τοῦτο
1308 351 1527 404 γενέσθαι,

159 415 214 454 70
243 406 508 480 νωνύμνους
539 406 783 450 ἀπολέσθαι
812 403 893 449 ἀπ’
914 405 1094 460 ’Ἀργεος
1125 403 1282 449 ἐνθάδ’
1312 406 1528 464 Ἀχαιούς·

243 467 280 510 εἰ
311 464 357 509 δέ
383 463 428 520 χ’
456 463 791 517 ὑποστρέψωσι,
821 463 1030 514 παλίωξις
1060 463 1107 506 δὲ
1126 463 1314 533 γένηται

241 522 290 566 ἐκ
324 526 469 591 νηῶν,
498 521 572 564 καὶ
602 519 759 591 τάφρῳ
789 518 1084 592 ἐνιπλήξωμεν
1115 517 1296 576 ὀρυκτῇ,

243 577 388 623 οὐκέτ’
423 576 556 622 ε’πειτ’
589 576 669 621 ὀΐω
701 575 805 621 οὐδ’
837 575 1024 632 ἄγγελον
1054 575 1324 619 ἀπονέεσθαι

243 634 446 690 ἄψοῤῥον
474 634 605 705 προτὶ
635 633 766 685 άστυ,
795 633 1058 689 ἑλιχθέντων
1085 631 1166 676 υπ’
1192 632 1387 704 Ἀχαιων.

156 696 212 738 75
243 691 341 735 ἀλλ’
372 691 515 747 άγεθ’,
547 708 607 742 ως
636 690 692 734 ἂν
721 690 834 746 ἐγών
863 692 992 741 εἴπω,
1023 688 1285 760 πειθώμεθα
1314 689 1486 743 πάντες.

240 750 402 800 ι’ππους
432 748 513 804 μὲν
541 746 812 802 θεράποντες
842 746 1094 802 ἐρυκόντων
1123 747 1194 790 ἐπὶ
1223 746 1394 806 τάφρῳ,

245 805 372 849 αὐτοὶ
402 806 448 849 δὲ
479 806 662 859 πρυλέες
693 805 773 856 ξύν
800 805 969 860 τεύχεσι
998 805 1303 877 θωρηχθέντες

228 862 407 916 ί’Ἐκτορι
436 861 597 913 πάντες
629 861 824 932 ἑπώμεθ’
857 861 1055 912 ἀολλέες·
1093 861 1234 916 αὐτάρ
1260 859 1424 934 Ἀχαιοὶ

243 919 298 964 οὐ
327 918 531 974 μενέουσ’
535 953 546 973 ,
579 920 616 961 εἰ
647 918 701 974 δή
736 931 844 973 σφιν
874 917 1070 972 ὀλέθρου
1100 916 1274 973 πείρατ’
1303 918 1535 987 ἐφῆπται.“

152 983 207 1022 80
309 975 393 1027 Ὡς

421 976 538 1048 φάτο
567 976 889 1030 Πουλυδάμας,
921 974 999 1019 ἅδε
1031 973 1076 1018 δ’
1083 975 1277 1033 ’Ἕκτορι
1308 979 1454 1030 μῦθος
1484 973 1692 1030 ἀπήμων·

235 1031 394 1076 αὐτίκα
425 1032 462 1076 6'
496 1033 539 1085 ἐξ
570 1031 706 1089 ὀχέων
735 1033 814 1085 ξὺν
824 1031 1040 1106 τεύχεσιν
1071 1026 1177 1076 ἆλτο
1207 1035 1377 1103 χαμᾶζε.

237 1089 345 1134 ουδὲ
373 1106 454 1160 μεν
483 1089 608 1133 ἄλλοι
645 1090 838 1160 Τρώεςέ
819 1088 897 1145 εφ’

235 1145 333 1190 ἀλλ’
366 1145 452 1190 ἀπὸ
483 1145 641 1198 πάντες
671 1147 893 1201 ὄρουσαν,

927 1105 1074 1132 ιππων
1103 1087 1388 1145 ἠγερέθοντο,

924 1146 1018 1190 ἐπεὶ
1046 1147 1147 1190 ’ίδον
1164 1146 1356 1202 ’Ἐκτορα
1387 1147 1497 1190 δῖον.

231 1202 395 1262 ἡνιόχῳ
426 1204 506 1261 μὲν
535 1204 730 1249 ἔπειτα““
710 1208 767 1262 εῷ
798 1204 1020 1248 ἐπέτελλεν
1049 1202 1233 1256 ε’καστος

62 1317 198 1373 quidem
253 1317 413 1351 curribus
453 1317 680 1373 explicandis.
732 1330 766 1353 v.
803 1318 874 1363 Η.)

63 1362 359 1421 τρώσεσθαι.
391 1362 685 1423 ἡττηθήσεσθαι.
744 1378 877 1409 τρωμα

62 1412 130 1457 γὰρ
163 1408 186 1456 ἡ
218 1406 323 1455 ἧττα.
358 1410 504 1454 (801101.
536 1412 591 1469 Β,.·
624 1409 876 1469 ἐλαττωθήσε-

63 1460 156 1493 σθαι
179 1459 242 1492 καὶ
266 1455 535 1512 τραπήσεσθαι.
565 1456 692 1499 Ἰωνες
717 1472 788 1503 γαρ
809 1472 877 1499 τας

60 1503 218 1562 τροποὶςκ
237 1502 414 1548 τρώματα
446 1505 610 1539 καλοῦσι.
655 1506 739 1540 καί·
769 1506 876 1549 [fort.

60 1550 138 1596 ως.]
168 1549 308 1591 οἶνός
332 1563 375 1586 σε
400 1550 542 1595 τρώει
577 1551 662 1595 [Οό.
688 1549 740 1597 φ’,
764 1553 874 1596 2934,

61 1598 146 1633 ἀντὶ
168 1599 238 1633 τοῦ
252 1597 497 1654 παρατρέπει.
530 1598 876 1643 01.Εῐγ111.ν.στεῖ-

60 1659 136 1686 νος.
187 1657 319 1688 τρωειν
352 1644 383 1677 E
415 1645 667 1701 interpretatur
699 1644 876 1691 βλάπτειν

58 1693 95 1727 in
120 1692 278 1725 locoisto
298 1691 491 1736 Odysseae.
526 1691 572 1725 cf.
598 1690 653 1734 ψ’,
679 1693 760 1728 341.
799 1693 875 1726 He-

62 1739 136 1773 rod.
155 1738 188 1780 4,
212 1740 312 1774 1602
338 1750 431 1781 μετα
457 1737 498 1773 δὲ
521 1735 563 1772 τὸ
589 1738 720 1781 τρῶμα
743 1740 872 1781 τοῦτο,

59 1790 138 1830 post
160 1786 249 1818 hanc
263 1785 418 1826 cladem,
442 1790 510 1819 etc.
544 1785 596 1817 Ex
618 1785 681 1829 H.)
708 1786 791 1822 8011.

107 1832 163 1866 67.
215 1831 257 1865 εἰ
278 1849 316 1854 ——
347 1829 599 1873 αλαπάζει.
636 1831 721 1865 dure
746 1844 790 1866 ex
815 1843 872 1865 se-

59 1877 242 1924 quentibus
258 1876 468 1911 intellexeris
486 1875 660 1921 Ἀχαιούς.
684 1878 774 1923 quod
792 1878 872 1911 Ari-

58 1924 250 1981 stophanes
277 1924 431 1957 sentiens
455 1925 546 1958 haud
577 1924 664 1957 male
695 1925 872 1958 scribebat

59 1972 94 2005 εἰ
115 1982 183 2014 μεν
206 1982 276 2014 γαρ
299 1982 387 2010 τους
410 1968 530 2027 πάγχυ
561 1984 594 2005 κ.
619 1983 659 2015 φ.
688 1968 725 2005 οἳ.
757 1974 795 2005 Ζ.
822 1968 872 2013 ὑ.,

63 2015 246 2059 Τρώεσσιν
279 2013 319 2051 δ’
353 2017 407 2052 ιἐτ
452 2015 616 2072 άρήγειν.
673 2028 760 2051 unus
786 2017 872 2050 Vin-

58 2065 162 2097 dob.=
189 2060 353 2108 Τρώεσσι
375 2061 417 2099 δὲ
442 2062 512 2099 ἰετ’
537 2061 702 2107 αρήγειν.
759 2063 872 2108 suspi-

57 2121 117 2144 cor
141 2110 228 2144 hanc
254 2120 330 2143 esse
362 2112 546 2155 genuinam
579 2111 804 2169 scripturam:
838 2110 877 2145 ει’

56 2169 120 2200 μιν
141 2169 212 2200 γαρ
237 2153 283 2201 δή
317 2157 437 2201 πάγχυ
462 2163 531 2190 ete.
580 2155 681 2200 μὶν,
707 2156 867 2214 τάφρον.

56 2204 248 2259 permixtae
281 2208 361 2236 sunt
393 2204 540 2238 voculae
571 2203 636 2247 μὶν
661 2209 697 2236 et
718 2202 806 2245 μὲν,
831 2207 870 2237 ut

56 2248 103 2290 α’,
125 2250 214 2290 427,
239 2248 285 2294 β’,
311 2251 390 2285 703.
415 2254 451 2283 et
475 2250 572 2283 alias.
620 2249 769 2293 requirit.
794 2250 866 2283 Po-

54 2296 207 2341 lydamas
232 2296 291 2336 id,
316 2296 407 2341 quod
434 2296 511 2329 fieri
531 2308 598 2329 non
623 2296 762 2330 videtur
788 2307 867 2341 pos-

53 2354 112 2382 se,
148 2347 189 2376 ut
210 2342 307 2376 Jovis
331 2342 413 2375 irati
438 2342 634 2376 fulminibus
658 2342 868 2386 percellatur

54 2388 357 2433 complaneturque
381 2389 494 2430 fossa,
529 2401 595 2433 quo
621 2388 688 2421 tuti
717 2389 865 2432 Trojani

53 2440 244 2476 transeant,
269 2436 495 2480 Graecosque
519 2437 733 2468 obtruncent.
772 2435 866 2478 quod

54 2481 210 2526 quoniam
236 2493 303 2514 nou
328 2487 381 2514 est
409 2482 636 2526 sperandum,
662 2481 797 2525 pedites
824 2482 867 2514 il-

53 2527 106 2562 los
129 2539 198 2561 rem
223 2539 347 2583 gerere
376 2528 496 2571 jubet,
530 2527 686 2562 curribus
721 2527 866 2561 relictis.

53 2592 100 2598 --
123 2573 226 2607 Sch.=
254 2571 389 2608 ἀλαπ
414 2577 537 2615 κενοῖ,
562 2577 714 2629 πορθεῖ.

99 2621 195 2656 69-
207 2621 263 2655 79
312 2632 473 2656 τουτο.
507 2618 549 2656 τὸ
576 2617 674 2665 ἡμᾶς
700 2618 868 2655 ἐλαύνειν

54 2664 192 2707 ιππους
216 2665 280 2701 διὰ
302 2665 459 2710 τάφρον.
498 2686 542 2692 -
576 2664 867 2710 νωνύμνους

53 2711 180 2758 -’,Αχ
197 2724 432 2770 consequens.-
457 2711 548 2748 ὥστε
565 2727 653 2748 νων.
678 2718 741 2746 etc.
763 2714 867 2748 8011..

53 2771 159 2794 νων.
185 2757 418 2803 ανωνύμους.
453 2759 540 2801 (άπ.
567 2758 646 2795 εἶπ’
662 2757 867 2803 ”Αργεος,

51 2807 164 2849 perire
187 2807 290 2851 longe
310 2808 353 2841 ab
373 2808 492 2853 Argis.
538 2807 696 2841 similiter
722 2807 866 2840 Plautus

55 2851 158 2897 Capt.
189 2853 231 2894 3,
288 2855 378 2893 ‚5.=
416 2854 554 2898 periisti
588 2865 606 2887 e
638 2853 760 2896 patria
788 2858 863 2886 tua.

54 2916 100 2922 -·
124 2900 166 2934 εἰ
187 2898 282 2943 δέχ
255 2856 300 2911 4³
324 2897 395 2935 ὑπ.
428 2901 482 2933 εἰη
499 2912 534 2933 se
546 2905 762 2941 convertant,
781 2898 863 2932 freti

54 2944 148 2977 fossa
172 2950 207 2978 et
229 2946 342 2988 vallo,
370 2958 458 2990 quae
472 2946 609 2991 Jupiter
633 2957 700 2980 non
724 2946 864 2980 deleve-

54 2990 130 3033 rit.)
185 2993 429 3037 παλίωξις.
461 2994 714 3037 παλιιδίωξις.
762 2988 862 3027 οὕτω

921 1330 992 1363 γαρ
1016 1319 1184 1353 καλεῖται
1217 1314 1239 1362 ἡ
1271 1317 1348 1351 τῶν
1380 1313 1597 1351 διωκόντων
1628 1312 1742 1359 φυγή.

924 1365 1032 1410 (Ap.=
1057 1364 1245 1419 παλίωξις.
1292 1360 1315 1408 ἡ
1341 1361 1379 1406 ἐξ
1403 1359 1650 1419 ὑποστροφῆς
1671 1374 1742 1396 πα-

922 1413 1132 1455 λινδίωξις,
1166 1407 1259 1447 ὅταν
1290 1409 1327 1444 οἱ
1359 1408 1543 1466 πρότερον
1575 1407 1741 1453 φεύγον-

923 1471 982 1499 τες
1006 1458 1225 1501 διώκωσιν.)
1273 1454 1427 1492 ε’νιπλ.
1455 1453 1519 1500 (σ’,
1541 1454 1636 1497 344,
1670 1455 1741 1488 Od.

921 1503 966 1549 χ’.
991 1504 1091 1560 4693)
1127 1503 1349 1547 ἐμπέσωμεν.
1401 1499 1642 1560 ἄψορρον.
1679 1499 1740 1545 (γ’,

921 1552 1014 1593 313,
1040 1550 1086 1594 6,
1112 1553 1179 1587 152
1204 1550 1300 1594 etc.)
1335 1549 1388 1589 εἰς
1420 1547 1586 1586 τούπίσω
1620 1544 1741 1606 ορμή-

923 1610 1052 1634 σαντα.
1102 1595 1252 1655 έλιχθ.
1287 1594 1616 1641 (ὑφελιχθέντων.)
1644 1607 1740 1630 υπο-

922 1643 1172 1703 στραφέντων.
1223 1641 1349 1686 ἐρυκ.
1382 1643 1472 1686 (85,
1497 1642 1536 1686 ε’,
1561 1643 1630 1678 262
1651 1642 1739 1686 etc.)

922 1689 1007 1727 αντὶ
1031 1692 1100 1727 τοῦ
1125 1689 1365 1734 ε’ρυκέτωσαν,
1391 1687 1412 1724 ὅ
1439 1688 1516 1725 ἐστι
1541 1687 1739 1732 κατεχέτω-

921 1750 1004 1773 σαν.
1053 1738 1269 1782 πρυλέες.
1293 1735 1352 1781 (ε’,
1376 1735 1477 1781 744.)
1503 1736 1606 1779 πεζοὶ
1629 1733 1739 1771 ὁπλῖ-

919 1799 993 1820 ται.
1021 1805 1066 1810 -
1092 1783 1294 1824 ἀολλέες.
1320 1783 1359 1824 ε’,
1382 1784 1451 1819 498
1473 1789 1541 1819 etc.
1567 1801 1610 1809 —
1636 1779 1738 1818 ὀλέ-

917 1834 1044 1877 θρου
1068 1834 1289 1875 πείρατα.
1327 1829 1496 1873 ὄλεθρος.
1529 1828 1570 1872 ζ,
1597 1828 1739 1865 143.51“

918 1879 1056 1923 quidem
1079 1879 1221 1912 exitium
1244 1877 1314 1911 illis
1331 1878 1530 1921 impendet3
1559 1875 1589 1910 si
1611 1886 1738 1910 revera

918 1926 952 1958 in
977 1925 1062 1958 fatis
1086 1930 1160 1966 est,
1186 1935 1245 1957 eos
1269 1935 1358 1957 nunc
1382 1922 1511 1969 perire.
1557 1934 1627 1956 vox
1651 1921 1736 1956 sub—

919 1971 1112 2005 dubitantis
1138 1970 1316 2026 cautique,
1353 1970 1397 2003 de
1405 1981 1500 2026 quo
1536 1969 1596 2023 1110
1618 1973 1737 2002 noster

919 2015 963 2061 σ’,
988 2019 1090 2052 250³
1126 2014 1147 2051 ὁ
1182 2016 1250 2061 γὰρ
1289 2014 1370 2076 όῖος
1402 2013 1474 2059 όρα
1495 2013 1648 2059 πρόσσω
1673 2013 1737 2050 καὶ

919 2063 1079 2099 ὀπίσσω·
1095 2061 1248 2120 'Eptoor
1272 2060 1312 2098 δ’
1338 2061 1407 2121 ἦεν
1420 2062 1579 2106 ἑταῖρος.
1593 2062 1669 2120 ἰῇ
1693 2059 1733 2097 δ’

917 2109 956 2145 ἐν
980 2110 1086 2146 νυκτὶ
1100 2109 1284 2168 γένοντο,
1315 2107 1407 2144 Ἀλλ’
1439 2107 1459 2146 ὁ
1492 2122 1561 2152 μεν
1586 2122 1634 2154 αρ
1658 2106 1733 2153 μύ-

916 2160 1065 2198 θοισιν,
1092 2154 1111 2192 ὀ
1138 2155 1177 2191 δ’
1203 2156 1300 2201 ε’γχεϊ
1321 2155 1460 2192 πολλὸν
1487 2155 1605 2192 ἐνίκα.
1640 2155 1734 2189 cedit

916 2216 1006 2238 nunc
1039 2204 1098 2238 ille
1132 2204 1275 2238 Hectori
1307 2203 1522 2258 impetuique
1558 2202 1734 2246 Trojano-

914 2262 1008 2291 rum3
1041 2250 1186 2284 inferius
1203 2252 1283 2285 211.
1300 2249 1473 2305 obs-istit,
1502 2249 1564 2284 sed
1588 2249 1731 2290 frustra,

914 2303 952 2330 ut
975 2308 1083 2342 saepe
1112 2296 1220 2338 alias3
1257 2297 1354 2340 cujus
1387 2296 1440 2330 rei
1463 2296 1574 2341 ipsum
1599 2296 1732 2329 Hecto-

912 2355 983 2422 reim
1010 2343 1164 2386 poenitet
1186 2343 1232 2388 χ’,
1251 2345 1297 2378 99
1320 2353 1419 2389 seqq.
1452 2344 1498 2380 cf,
1529 2342 1613 2377 8011.
1638 2341 1732 2375 infra.

912 2402 932 2423 a
981 2391 1062 2425 231.

959 2437 1059 2470 80-
1069 2436 1124 2472 83,
1174 2434 1232 2471 αδ
1241 2448 1268 2471 ε
1336 2435 1451 2477 ,173.
1478 2434 1650 2490 repetitur
1673 2432 1730 2466 1110

912 2493 1033 2516 versus
1064 2481 1109 2524 ν,
1135 2483 1214 2517 748.
1248 2501 1292 2507 —-
1302 2448 1574 2527 γ,,απήμων.
1616 2478 1729 2526 ἀβλα-

913 2527 1001 2571 βής,
1037 2528 1250 2573 λυσιτελής,
1282 2540 1394 2562 sermo
1418 2528 1598 2572 innoxius,
1634 2526 1730 2561 salu-

913 2575 996 2608 bris.
1060 2576 1188 2609 dictum
1225 2587 1294 2629 per
1319 2577 1494 2619 μείωσιν,
1530 2580 1570 2609 ut
1604 2569 1729 2607 ν’πνον

913 2617 1090 2677 ἀπήμονά
1123 2634 1161 2656 τε
1186 2620 1318 2665 λιαρόν
1342 2634 1381 2657 τε
1406 2620 1447 2664 ξ’,
1473 2622 1550 2658 164.
1564 2647 1574 2664 ,
1611 2616 1728 2665 οὖρον

912 2664 1093 2711 απήμονά
1117 2681 1156 2703 τε
1179 2667 1309 2710 λιαρόν
1333 2681 1371 2704 τε
1395 2668 1465 2703 Od.
1489 2668 1528 2709 ε’,
1554 2669 1636 2708 268,
1659 2678 1727 2700 non

912 2715 1072 2748 sordidus
1102 2720 1224 2749 auctor
1250 2717 1412 2749 Naturae
1438 2717 1601 2759 verique,
1635 2714 1669 2747 11.
1695 2726 1725 2747 e.

912 2761 1075 2799 illustris.
1102 2774 1156 2807 ap.
1183 2763 1308 2796 Horat.
1335 2762 1405 2795 Od.
1427 2763 1465 2801 1,
1490 2764 1558 2802 28,
1586 2760 1669 2796 14.“
1695 2760 1727 2792 Ε

911 2808 954 2840 Κ.
983 2813 1015 2840 οι
1042 2808 1085 2840 ΙΙ.
1144 2809 1356 2842 illaudatum
1384 2808 1578 2842 Busiridem
1605 2806 1725 2841 eadem

911 2853 1023 2897 figura
1058 2854 1147 2887 dixit
1173 2854 1272 2888 Maro
1302 2855 1436 2898 Georg.
1462 2856 1505 2895 3,
1530 2855 1562 2888 5.
1611 2851 1724 2889 οὐδὲ

910 2899 1005 2942 μέν.
1041 2898 1130 2935 οὐδε
1154 2900 1238 2946 μήν.
1268 2920 1302 2925 —
1329 2901 1438 2935 ι”δον
1464 2898 1725 2944 ἀπορνυμενον

910 2947 1056 2987 ἵππων,
1088 2948 1178 2992 quod
1211 2947 1386 2992 intelligas
1418 2958 1462 2981 ex
1495 2949 1614 2982 verbis
1647 2945 1722 2982 ἀπὸ

909 2991 1085 3051 όρουσαν.
