1847 3277
112 158 168 196 40
738 154 1138 197 ΟΜΗΡΟΥ

282 263 436 333 δίφρῳ
456 261 725 332 ἐφεσταότος.
752 266 833 306 τοῦ
864 261 949 333 μέν
974 261 1016 316 6'
1047 260 1132 306 άπὸ
1162 263 1329 306 τυτθόν
1357 263 1569 319 ἅμαρτεν·

167 324 250 362 610
281 318 421 371 αὐτὰρ
453 316 476 362 ὁ
507 317 745 373 Μηριόναο
776 317 949 363 ὀπάονά
976 316 1025 362 θ’
1031 350 1045 384 '.
1067 318 1244 389 ἡνίοχόν
1273 336 1330 371 τε,

283 374 537 427 Κοιράνου,
568 375 619 426 ὅς
650 374 692 429 6’
722 375 768 418 ἐκ
796 375 974 418 Λύκτου
1003 375 1257 445 ἐϋκτιμένης
1286 373 1401 419 ἕπετ’
1434 376 1553 433 αὐτῷ

282 430 423 485 [πεζὸς
451 432 535 487 γὰρ
565 435 771 483 ταπρῶτα
800 431 938 474 λιπών
965 429 1068 500 νέας
1097 431 1385 486 ἀμφιελίσσας

279 487 440 541 ἤλυθε,
474 488 549 530 καί
577 503 625 531 κε
662 487 806 556 Τρωσὶ
834 487 944 542 μέγα
977 487 1137 540 κράτος
1166 489 1431 543 ἐγγυάλιξεν,

280 545 316 587 εἰ
346 544 404 600 μὴ
437 543 660 597 Κοιράνος
690 548 782 586 ῶκα
812 543 1039 595 ποδώκεας
1067 544 1228 613 ἤλασεν
1258 546 1440 603 ἵππους·

169 604 252 646 615
282 601 356 643 καὶ
385 604 447 655 τῷ
478 600 556 652 μὲν
587 598 704 654 φάος
732 596 893 670 ἦλθεν,
924 600 1062 671 α’μυνε
1095 601 1140 643 δὲ
1168 601 1311 656 νηλεὲς
1340 604 1476 672 ἡμαρ-

289 656 422 706 αὐτὸς
453 655 495 699 6'
527 656 656 699 ὤλεσε
686 655 832 711 θυμὸν
861 655 944 712 ὑφ’
967 656 1178 709 Ἕκτορος
1206 657 1537 729 άνδροφόνοιο],

283 713 362 755 τὸν
392 711 492 766 βάλ’
521 711 608 754 ὑπὸ
638 718 859 768 γναθμοῖο
890 714 963 756 καὶ
995 713 1180 765 οὔατος,
1212 715 1258 757 ἐκ
1288 713 1330 757 δ’
1365 712 1437 768 ἄρ’
1471 714 1656 766 ὀδόντας

279 767 364 813 ὦσε
398 768 508 820 δόρυ
537 769 758 838 πρυμνὸν,
790 770 864 813 διὰ
894 771 940 813 δὲ
969 773 1170 839 γλῶσσαν
1180 770 1305 841 τάμε
1338 769 1515 827 μέσσην.

278 826 406 882 ήριπε
437 823 481 868 δ’
513 824 557 877 ἐξ
589 823 745 881 ὀχέων,
775 825 885 869 κατὰ
916 824 959 869 δ’
990 824 1094 883 ἡνία
1123 830 1246 882 χεῦεν
1275 827 1408 882 ἔραζε.

330 915 441 961 fugit,
466 914 591 950 am5sso
618 916 757 961 auriga,
783 916 980 958 Meriones,
1005 921 1042 950 et
1064 916 1281 951 Idomeneum
1305 915 1412 951 trahit
1435 916 1479 951 ad
1503 917 1628 962 fugam.

169 988 253 1028 620
284 984 358 1026 καὶ
393 982 495 1038 τάγε
526 982 759 1039 Μηριόνης
790 983 945 1056 ἔλαβεν
971 986 1156 1039 χείρεσσι
1188 985 1341 1040 φίλησι

282 1040 427 1092 κύψας
458 1040 505 1083 ἐκ
534 1043 730 1093 πεδίοιο,
759 1042 832 1083 καὶ
858 1040 1079 1110 Ἰδομενῆα
1094 1041 1361 1113 προσηύδα·

356 1096 567 1165 ,,Μάστιε
597 1101 705 1148 νῦν,
737 1099 838 1148 είως
870 1113 917 1141 κε
946 1098 1060 1148 θοάς
1090 1098 1159 1140 ἐπὶ
1188 1102 1298 1153 νῆας
1328 1099 1470 1169 ἵκηαι·

280 1153 535 1223 γιγνώσκεις
565 1153 612 1197 δὲ
641 1154 715 1197 καὶ
746 1153 901 1205 αύτός,
933 1154 999 1198 ὅτ’
1033 1153 1180 1197 ου’κέτι
1208 1154 1369 1207 κάρτος
1396 1154 1619 1209 Ἀχαιῶν.“

346 1208 430 1260 ’Ὡς
460 1209 588 1266 ἐ”φατ
602 1224 610 1232 ·
660 1209 899 1280 Ἰδομενεύς
929 1209 971 1254 δ’
1003 1212 1158 1264 ι’μασεν
1188 1212 1464 1266 καλλίτριχας
1493 1212 1655 1262 ἵππους
1825 1242 1834 1255 1,

165 1268 248 1311 625
279 1270 388 1322 νῆας
419 1267 489 1310 ἔπι
514 1267 766 1337 γλαφυράς·
811 1267 863 1323 δὴ
893 1267 976 1322 γάρ
1009 1268 1106 1318 δέος
1136 1267 1289 1322 ἔμπεσε
1318 1272 1463 1323 θυμῷ.
1825 1297 1838 1426 Ἰ

1824 1054 1826 1092 ΑΗ,
1819 705 1826 1034 ,,α.-..-.-.....-

355 1321 467 1366 Οὐδ’
500 1322 624 1366 ἔλαθ’
656 1326 824 1366 Αἴαντα
853 1324 1128 1378 μεγαλήτορα
1156 1324 1227 1366 καὶ
1259 1324 1492 1367 Μενέλαον

280 1379 413 1431 Ζεύς,
445 1379 516 1423 ὅτε
546 1379 599 1436 δὴ
635 1379 830 1435 Τρώεσσι
860 1382 988 1424 δίδου
1019 1380 1246 1435 ἑτεραλκέα
1275 1382 1415 1437 νίκην.

329 1470 497 1503 quaerens
530 1460 639 1503 Ajax,
676 1471 774 1505 quem
808 1459 921 1494 mittat
953 1460 1141 1494 nuntiatum
1175 1460 1300 1494 Achilli
1333 1465 1474 1495 mortem
1505 1462 1654 1503 sodalis,
1686 1462 1765 1496 nihil
1826 1456 1829 1474 ³

257 1505 352 1538 aliud
378 1505 443 1538 nisi
466 1506 575 1539 lucem
599 1506 687 1551 petit
711 1507 754 1539 ab
777 1506 884 1548 Jove,
909 1511 949 1540 ut
971 1506 1100 1542 videat.
1827 1521 1830 1539 ι

279 1576 394 1616 τοῖσι
425 1573 471 1616 δὲ
501 1571 659 1627 μύθων
680 1568 789 1643 ,ἦρχε
820 1573 953 1644 μέγας
988 1573 1264 1627 Τελαμώνιος
1293 1575 1424 1626 Αιάς·

358 1623 449 1702 ,,’,Ωι
479 1630 640 1681 πόποι,
671 1629 757 1686 ἤδη
787 1631 867 1686 μέν
897 1647 966 1682 κε,
997 1632 1069 1674 καὶ
1099 1629 1147 1682 ὸς
1176 1631 1294 1685 μάλα
1324 1630 1481 1701 νήπιός
1513 1631 1614 1684 ἐστι,

166 1691 250 1730 630
279 1687 433 1741 γνοίη,
469 1685 538 1729 ὅτι
580 1662 774 1741 Τρώεσσι
803 1688 946 1761 πατὴρ
977 1687 1087 1738 Ζεὺς
1116 1686 1250 1737 αὐτὸς
1283 1686 1449 1759 ἀρήγει.

275 1747 366 1785 τῶν
396 1743 474 1797 μὲν
501 1742 585 1813 γὰρ
616 1743 795 1787 πάντων
825 1744 939 1800 βέλε’
973 1745 1171 1797 ἅπτεται,
1214 1745 1332 1796 ὅστις
1363 1744 1509 1815 ἀφείη,

276 1797 306 1853 ἢ
336 1798 489 1848 κακός,
519 1798 548 1854 ἢ
579 1798 768 1855 ἀγαθός·
801 1803 910 1852 Ζεὺς
940 1801 985 1844 δ’
1015 1802 1150 1857 ἔμπης
1178 1800 1311 1844 πάντ’
1343 1801 1507 1846 ἰθύνει·

279 1854 388 1910 ἡμῖν
418 1855 465 1899 6²
499 1856 641 1906 αὕτως
670 1861 804 1900 πᾶσιν
834 1857 991 1902 ἐτώσια
1018 1860 1159 1901 πίπτει
1192 1859 1337 1929 §.page

280 1911 379 1955 ἀλλ’
413 1911 546 1966 ἄγετ’,
579 1912 707 1957 αὐτοί
736 1931 817 1983 περ
849 1916 1121 1970 φραζώμεθα
1150 1919 1279 1970 μῆτιν
1310 1912 1508 1970 ἀρίστην,

166 1971 248 2015 635
279 1967 389 2023 η’μεν
419 1968 536 2019 ὅπως
567 1970 646 2013 τὸν
675 1973 837 2024 νεκρόν
866 1971 1126 2026 ἐρύσσομεν,
1157 1971 1232 2026 ἠδὲ
1262 1972 1334 2015 καὶ
1366 1971 1492 2016 αὐτοὶ

278 2025 425 2081 χάρμα
455 2029 602 2098 φίλοις
630 2027 825 2081 ἑτάροισι
855 2027 1088 2100 γενώμεθα
1116 2027 1426 2101 νοστήσαντες,

282 2085 332 2126 οἵ
358 2099 447 2126 που
478 2081 602 2138 δεῦρ’
634 2083 851 2140 ὁρόωντες
882 2083 1084 2142 άκηχέατ’
1095 2118 1108 2138 ,
1139 2084 1244 2129 οὐδ’
1277 2085 1337 2129 ἔτι
1367 2085 1506 2142 φασὶν

110 2199 193 2231 καλ
207 2196 248 2231 ίδ
262 2209 329 2231 oco.
354 2207 386 2229 v.
407 2195 450 2230 de
471 2197 537 2231 hac
562 2198 671 2232 forma
691 2199 919 2244 patronymici
965 2199 1055 2232 rexit
1071 2198 1252 2232 Idomeneo
1272 2198 1430 2232 semiseni
1448 2197 1522 2243 (ν’,
1545 2199 1635 2240 361,
1662 2199 1773 2252 512,,)

108 2242 140 2277 ν’
153 2244 268 2286 ,-307
297 2262 337 2267 -
366 2255 591 2285 αμαρτεν.
616 2243 670 2285 θ’,
694 2247 760 2280 311
780 2252 847 2278 etc.
961 2246 1127 2289 jubetque
1146 2256 1219 2278 eum
1240 2256 1339 2278 curru
1359 2257 1396 2278 se
1419 2244 1455 2278 in
1484 2252 1598 2280 castra
1631 2244 1772 2289 recfflpe—

153 2269 231 2325 611
278 2288 356 2322 libri
394 2289 492 2322 solito
530 2302 670 2325 errore·
719 2293 920 2334 Κοι’,ρανον
966 2303 1025 2330 re,
1050 2291 1309 2335 superioribus
1295 2302 1363 2346 jam
1387 2291 1590 2335 Trojanisf‘
1608 2292 1659 2325 Ex
1678 2291 1725 2325 H.

111 2335 163 2369 uti
197 2341 233 2368 et
254 2332 300 2375 ε’,
325 2336 413 2376 677,
451 2335 650 2381 pariterque
678 2337 754 2373 614.
782 2340 919 2381 Κοιρα-
1012 2317 1079 2372 622
1098 2356 1136 2361 —
1169 2337 1249 2371 634.
1282 2335 1344 2380 μά
1359 2349 1409 2372 στ
1422 2349 1480 2377 ιε,
1518 2339 1683 2392 flagella.
1726 2336 1773 2380 ν’,

110 2395 185 2422 νος.
211 2393 243 2414 ν.
270 2392 347 2414 ann.
378 2381 422 2414 ad
448 2384 527 2417 602.
552 2402 595 2407 —
631 2382 678 2418 ἐκ
711 2383 918 2420 Λύκτον
967 2385 1044 2418 171.
1074 2402 1114 2407 —
1151 2382 1347 2425 κάρτος,
1379 2385 1503 2426 robur,
1540 2383 1697 2420 victoria.
1728 2404 1772 2410 —

154 2427 268 2468 ,647
965 2429 1084 2472 ἔτερ.
1116 2430 1264 2465 νίκην.
1302 2427 1356 2474 η’,
1385 2431 1517 2466 26etc.
1544 2449 1591 2456 -·
1623 2443 1774 2466 απτ-ε-

154 2453 281 2508 '612—
293 2474 373 2509 619.
397 2472 517 2506 λιπώ
528 2487 560 2506 ν.
585 2475 834 2517 „‚Idomeneus
861 2477 922 2522 qui
968 2490 1024 2510 τα
1038 2489 1070 2516 ι,
1098 2481 1344 2532 assequuntur,
1368 2488 1473 2534 germ
1493 2478 1544 2511 sie
1569 2478 1703 2521 treffen.
1726 2477 1772 2512 cf.

112 2520 212 2565 pau{o
239 2523 340 2552 antea
376 2517 491 2560 (ταπρ
496 2520 590 2563 ὦτα)
634 2522 739 2576 pedes
769 2523 922 2557 redierat
967 2522 1020 2564 θ’,
1045 2501 1124 2557 3’39.
1137 2519 1214 2565 -ἢ
1238 2521 1405 2563 κακὸς,
1429 2519 1455 2568 ἢ
1469 2522 1678 2568 ἀγαθὸς,
1701 2524 1773 2558 sive

111 2577 184 2600 cum
202 2563 410 2599 Metione-iu
427 2576 584 2610 pugnam.
603 2577 636 2600 v.
653 2565 696 2609 v‘‚
712 2568 793 2609 304,
815 2570 922 2604 305.“
967 2570 1138 2613 ignavus,
1171 2570 1242 2602 sive
1262 2574 1432 2604 strenuus.
1459 2589 1504 2594 —
1534 2569 1698 2613 ἔμπης.
1725 2567 1772 2612 α’,

114 2612 204 2645 ΕΚ.
225 2630 268 2634 -
293 2611 413 2656 μέγα
432 2625 499 2654 up
525 2611 610 2656 ἐγγ.
634 2612 685 2654 λ’,
713 2615 787 2648 752
793 2616 852 2694 6.cf
875 2614 921 2659 o',
967 2617 1036 2650 562
1061 2621 1126 2648 etc.
1153 2634 1186 2638 --
1217 2613 1396 2650 ἰθύνει.
1422 2613 1478 2654 δ’,
1505 2617 1592 2658 132,
1628 2614 1678 2658 ε’,
1703 2616 1772 2652 290
1837 2632 1839 2636 ’

111 2657 181 2692 644
207 2663 274 2691 etc.
311 2675 355 2683 —
391 2655 537 2700 φάος,
568 2659 674 2692 salus.
709 2658 757 2701 ζ’,
870 2660 919 2702 π’,
968 2667 1035 2695 etc.
1059 2680 1103 2686 —
1136 2659 1364 2706 {tadmor-y
1383 2663 1568 2701 ,368etc.
1583 2681 1627 2687 —
1652 2675 1772 2706 φρα-

111 2705 157 2739 95
185 2707 250 2738 etc.
275 2700 562 2746 -ἄμυνε-
599 2699 736 2748 ἦμαρ.
761 2662 841 2742 5161.
875 2727 920 2733 -
967 2705 1177 2750 ζώμεθα.
1207 2705 1259 2750 β’,
1294 2707 1359 2748 14,
1392 2705 1446 2747 δ’,
1475 2709 1519 2742 14
1548 2713 1616 2741 etc.
1640 2710 1771 2754 -μῆ-
1838 2715 1839 2726 ’

114 2747 243 2806 δόρυν
255 2748 495 2793 πρυμνὸν,
530 2751 635 2784 hasta
654 2757 828 2792 extrema,
862 2765 923 2787 cu-
967 2766 1062 2793 τιν,
1087 2754 1273 2787 consilium.
1295 2754 1385 2793 712,
1410 2732 1465 2799 β’,
1492 2755 1558 2789 169
1577 2759 1644 2788 etc.

113 2796 194 2841 spis.
221 2794 338 2851 ἄκρην
360 2795 492 2840 αἰχμήν
517 2796 605 2829 dixit
625 2798 704 2832 309
732 2818 771 2822 —
800 2797 919 2834 κατὰ
1012 2801 1133 2835 635—-
1146 2801 1224 2834 647.
1250 2778 1543 2843 ἐρύσσομεν,
1575 2799 1773 2846 ἐρύσωμεν.

114 2861 158 2866 -—
185 2844 332 2885 χεῦεν.
358 2842 404 2898 η’,
430 2844 511 2882 461,
537 2843 664 2886 Odyss.
691 2842 738 2887 η’,
761 2846 830 2879 267
853 2851 920 2879 etc.
967 2858 986 2889 χ
1000 2844 1090 2888 άρμ
1104 2858 1148 2882 α
1196 2846 1387 2889 gaudium,
1441 2857 1545 2881 causa
1587 2847 1773 2891 gaudendi,

116 2908 157 2912 ——
184 2888 328 2931 ἔραζε.
353 2887 412 2930 μ’,
438 2889 504 2923 156
522 2892 588 2921 etc.
970 2904 1035 2926 non
1066 2892 1271 2932 ludibrium,
1305 2896 1343 2925 ut
1370 2889 1424 2935 γ’,
1466 2894 1533 2933 51,
1569 2893 1615 2934 ζ,
1655 2894 1700 2929 82
1738 2901 1774 2927 et
1840 2891 1841 2894 ¹

160 2936 238 2969 621.
263 2936 365 2969 διώ.-
391 2932 555 2977 κύψας.
584 2931 632 2973 ὠς
665 2933 814 2976 πεζός,
819 2936 922 2975 ‚humi
970 2937 1064 2971 alias.
1092 2955 1137 2964 -
1170 2918 1482 2981 οἷκηηχέδαται.
1515 2939 1618 2995 (sic.)
1638 2940 1720 2973 Sch.
1739 2945 1775 2973 et

115 2986 209 3014 stans
229 2982 400 3015 Meriones
429 2992 449 3014 e
470 2980 542 3014 solo
569 2981 703 3016 sublata
720 2983 817 3016 frena
841 2995 922 3028 por—
970 2984 1142 3029 hesych-z
1166 2984 1383 3019 λυποῦνται.
1407 2985 1570 3020 revocavi
1595 2981 1776 3031 ἅκηχέαί,
