1847 3277
0 2201 1 2206 ,
47 2180 83 2208 et
105 2174 157 2216 ω’,
177 2177 251 2210 167.
271 2180 366 2209 recte
387 2175 438 2209 H.

289 439 418 491 “5529
400 440 535 493 ἐφατο
566 438 794 482 κλαίουσ’

186 643 322 666 meneus
349 637 385 666 et
408 632 573 666 Phoenix.

105 826 189 867 305

46 1343 115 1379 256
144 1348 210 1378 etc.
255 1356 289 1377 v,
324 1355 402 1377 ann.
432 1343 477 1377 ad
511 1342 560 1386 v',
587 1344 689 1386 100.)
729 1340 853 1386 ἔλεγες.

46 1390 326 1433 (κουριδίην
351 1390 540 1433 ἄλοχον.
574 1402 606 1422 v.
635 1401 711 1422 ann.
737 1389 780 1422 ad
807 1388 853 1430 α’,

45 1435 124 1471 114.
159 1437 244 1470 male
268 1437 370 1470 Scir·
399 1434 643 1480 παρθενικήν.
671 1455 713 1460 —-
754 1436 852 1470 δαί-

45 1492 147 1517 σειν
178 1482 347 1527 γάμον,
390 1488 425 1516 te
456 1485 700 1516 instructurum
731 1484 853 1524 epulas

43 1530 229 1572 nuptiales.
269 1554 292 1570 ,‚
302 1529 354 1562 sic
372 1528 491 1573 Eurip.
516 1529 591 1582 Iph.
609 1530 647 1562 Α
667 1526 853 1563 631.:1}v-

44 1573 166 1609 ταῦθ’
191 1574 343 1609 ἔδαισαν
371 1576 518 1631 Πηλέως
540 1573 660 1630 γάμον
683 1576 780 1630 θεοί.
815 1580 852 1608 et.

47 1621 95 1654 ib.
125 1623 222 1656 119·
258 1623 310 1661 εἰς
341 1621 408 1661 τοὶς
443 1618 554 1661 αλλας
579 1633 678 1664 ωρας
709 1619 779 1664 γάρ
805 1619 851 1665 δὴ

48 1668 222 1709 δαίσομεν
240 1665 452 1711 υμεναιόυς.
458 1670 482 1686 “
498 1669 549 1702 CI.
574 1667 729 1700 similiter
743 1668 853 1702 δαίνυ

45 1713 171 1756 τάφον
194 1714 322 1768 odyss.
350 1715 379 1758 γ’
394 1739 407 1771 ⁹,
429 1716 509 1749 309.
543 1714 598 1746 Es
616 1713 694 1756 Η.)
744 1711 854 1757 α”μο-

46 1773 141 1796 τον.
164 1758 236 1804 (δ’,
258 1761 360 1814 440)
386 1759 553 1803 ἇμότως,
579 1757 814 1803 ἀπληρώτους.

91 1808 171 1842 302.
200 1785 482 1849 Ιίάτροκλον
498 1805 766 1861 πρόφασιν.
800 1806 853 1839 lu-

44 1854 174 1897 gebant
199 1853 389 1887 Patroclum
413 1854 545 1896 specie,
579 1864 644 1885 non
676 1863 779 1892 vere,
814 1857 853 1885 ut

46 1910 136 1943 quae
154 1898 243 1932 illum
263 1900 352 1932 haud
374 1905 522 1940 nossent,
548 1898 681 1944 puellae
691 1898 850 1939 Lesbiae,

44 1956 110 1978 una
133 1944 288 1978 dolentes
306 1956 381 1978 curn
401 1944 556 1978 Briseide
575 1944 694 1987 amica,
718 1949 756 1978 ut
776 1944 852 1977 Ne-

43 1991 156 2024 reides
186 2002 259 2024 cum
290 2002 408 2024 sorore
437 1990 590 2024 Thetide
624 1989 675 2031 σ’,
699 1992 767 2032 50,
792 1992 849 2025 65.

41 2037 132 2082 quod
157 2036 233 2071 dum
258 2037 410 2078 faciunt,
437 2037 534 2070 venit
556 2036 622 2070 illis
647 2036 682 2069 in
707 2042 850 2070 mentem

43 2082 258 2128 propriarum
282 2083 532 2123 calamitatum,
561 2083 681 2127 itaque
701 2083 851 2116 sinceras

44 2129 189 2163 fundunt
222 2129 392 2163 lacrimas.
437 2129 482 2164 cf,
514 2128 635 2162 similia
664 2128 755 2162 infra
781 2130 851 2164 338

462 2175 704 2219 ‚‚arripiunt,“
727 2175 850 2220 inquit,

46 2221 168 2261 „hanc
197 2221 508 2266 opportunitatem,
544 2226 581 2255 ut
612 2227 688 2254 tuto
721 2222 850 2255 luctum

45 2268 193 2311 prodere
217 2267 365 2312 possint,
402 2278 501 2312 quem
525 2265 653 2312 alioqui
677 2267 851 2301 occultare

45 2323 104 2346 eas
128 2313 361 2357 opportebat.
354 2315 376 2331 ‘
411 2318 495 2358 puto
515 2314 601 2347 haec
620 2323 696 2347 esse
714 2313 851 2347 humani

44 2357 182 2402 ingenii,
204 2359 407 2403 minimeque
422 2359 713 2402 reprehendenda.
739 2360 784 2393 cf.
803 2359 848 2394 K.

44 2406 162 2449 coepit
183 2409 296 2438 autem
317 2404 492 2449 proverbii
514 2405 589 2438 loco
615 2405 683 2438 dici
704 2403 807 2449 Πάτρ
811 2419 850 2440 o-

42 2453 128 2485 κλον
148 2463 176 2485 π
177 2450 360 2494 ρόφασιν,
391 2462 462 2484 cum
488 2451 565 2495 quis
589 2451 680 2484 aliud
705 2452 848 2493 faceret,

42 2496 134 2531 aliud
157 2509 196 2531 se
218 2498 336 2531 facere
359 2496 552 2538 simularet,
575 2503 613 2530 ut
629 2497 766 2531 Jacobs.
787 2509 849 2532 an-

44 2543 177 2577 notavit
200 2543 242 2576 ad
268 2543 351 2578 Tat.
375 2544 440 2583 52,
466 2543 523 2578 34.
572 2554 686 2577 veram
713 2555 847 2579 causam

43 2588 238 2669 ffifflss.
247 2601 371 2670 *3123
372 2602 474 2680 (’ιὲῗέ
477 2600 538 2676 ⁶⁴5⁹
559 2590 629 2672 ⁶1⁷3}
640 2590 850 2680 2125?ssssss

43 2679 284 2722 προφάσεως,
308 2682 371 2715 hoc
394 2683 513 2723 modo,
542 2687 608 2715 etc.

89 2728 207 2762 305—
218 2729 296 2764 303.
324 2728 424 2762 Scin:
451 2725 746 2769 ἐπιπείθεθ’,
771 2726 849 2764 ἐπι-

44 2775 225 2807 πείθεται.
257 2772 477 2809 ἄσασθαι.
503 2773 562 2818 (ε’,
582 2776 652 2809 289
674 2775 760 2818 etc.)
785 2788 848 2810 κο-

44 2820 233 2863 ρεσθῆναι.
254 2840 297 2848 —-
326 2833 436 2876 αχος
461 2819 609 2856 αἰνόν.
635 2819 680 2862 ὁ,
701 2823 778 2862 169,
793 2819 846 2862 θ’,

45 2866 112 2900 124
133 2871 198 2899 etc.
218 2882 263 2891 —
315 2865 609 2911 ,,τλήσομαι,
647 2868 844 2925 perdurabo

44 2909 80 2944 in
99 2911 251 2966 jejunim
273 2913 428 2947 absolute
450 2913 576 2948 dictum
601 2920 676 2956 est,
699 2919 737 2947 ut
760 2910 843 2959 ἦτοι

44 2954 112 3000 ἐγω
128 2969 244 2999 μενεω
261 2959 323 2993 καὶ
342 2958 520 3002 τλήσομαι
536 2959 576 3001 λ’,
591 2961 683 2996 317.ι
674 2963 697 2979 “
724 2961 775 2994 Ez-
794 2961 840 2994 11.

83 3004 200 3039 309-
213 3003 293 3039 314.
326 2972 657 3043 ἀπηεσκέδασεν.
690 3007 840 3052 (odyss.

617 160 1045 202 ΙΛΙΑΔΟΣ
1115 163 1163 202 Τ.

1635 166 1718 204 109

221 271 454 327 κουριδίην
483 270 643 325 ἄλοχον
671 268 850 325 θήσειν,
881 269 998 321 ἄξειν
1026 266 1066 312 τ’
1098 268 1160 311 ἐνὶ
1190 270 1347 324 ιηυσὶν

221 328 263 378 ἐς
299 329 464 382 Φθίην,
495 328 661 370 δαίσειν
692 328 737 369 δὲ
765 326 908 395 γάμον
936 325 1040 380 μετὰ
1069 325 1416 380 Μυρμιδόνεσσι.

113 389 195 430 300
225 388 286 442 τῷ
316 383 357 427 σ’
389 385 553 456 ἄμοτον
582 384 718 426 κλαίω
748 381 986 437 τεθνηότα,
1018 384 1208 437 μείλιχον
1239 384 1355 425 αἰεί.ι

829 439 896 481 ἐπι
928 439 973 482 δὲ
997 438 1267 510 στενάχοντο
1292 443 1519 493 γυναῖκες,

227 496 489 550 Πατροκλον
517 496 765 551 πρόφασιν,
798 498 927 551 σφῶν
961 493 1007 539 δ’
1038 494 1186 539 αὐτῶν
1215 494 1330 550 κήδε’
1363 494 1533 552 ἑκάστη.

270 589 406 620 manent
429 585 522 630 apud
547 585 708 620 Achillem
727 585 937 629 jejunantem
962 585 1108 619 Atridae
1131 586 1221 626 duo,
1255 585 1420 630 Ulysse5‚
1454 587 1606 628 Nestor,
1638 588 1717 622 Ido-

220 708 357 753 αὐτὸν
388 708 432 753 δ’
464 709 575 765 αμφὶ
603 708 811 779 γέροντες
830 706 1012 780 Ἀχαιῶν
1041 707 1327 765 ἠγερέθοντο,

219 764 469 821 λισσόμενοι
499 769 739 820 δειπνῆσαι.
788 764 811 809 6
845 764 886 809 δ’
917 764 1088 821 ἠρνεῖτο
1121 768 1402 820 στεναχίζων·

304 827 580 877 ,,Λίσσομαι,
612 825 654 866 εί
678 839 743 873 τις
772 823 915 876 ε’μοιγε
945 825 1087 877 φίλων
1117 821 1362 866 ἐπιπείθεθ’
1394 822 1604 879 ἑταίρων,

221 879 278 935 μή
307 897 359 934 με
392 881 497 934 πρὶν
526 881 662 923 σίτοιο
692 878 886 923 κελεύετε
914 880 1020 950 μηδὲ
1050 883 1238 935 ποτῆτος

221 936 416 980 ἄσασθαι
446 937 579 1007 φίλον
610 938 738 992 ἠτορ,
771 937 862 978 ἐπεί
892 934 931 990 μ’
962 935 1066 990 ἄχος
1096 937 1223 979 αἰνὸν
1253 934 1414 979 ικάνει·

222 992 359 1036 δύντα
390 991 433 1036 δ’
463 993 504 1042 ἐς
536 991 684 1048 ἠέλιον
713 992 870 1047 μενέω,
902 992 976 1034 καὶ
1005 993 1218 1047 τλήσομαι
1247 993 1394 1048 ε’.μπης
1409 996 1434 1017 “

286 1048 369 1099 ‘2529
399 1049 534 1092 εἰπών
564 1049 723 1099 ἄλλους
752 1050 831 1102 μὲν
861 1046 1151 1091 απεσκὲδασεν
1181 1052 1414 1118 βασιλῆας·

106 1111 188 1149 310
218 1105 322 1148 δοιω
356 1104 399 1148 δ’
426 1104 617 1159 Ἀτρείδα
634 1105 841 1173 μενέτην
857 1105 930 1146 καὶ
962 1108 1052 1155 δῖος
1077 1104 1334 1155 Ὀδυσσεὺς,

219 1162 402 1215 Νέστωρ
427 1160 668 1216 Ἰδομενεύς
697 1178 766 1210 τε,
795 1161 939 1216 γέρων
970 1159 1020 1204 θ’
1055 1161 1274 1232 ἱππηλάτα
1307 1161 1482 1212 Φοῖνιξ,

217 1219 445 1273 τέρποντες
473 1223 668 1270 πυκινῶς
698 1217 994 1274 ἀκαχήμενον·
1028 1216 1133 1261 οὐδὲ
1162 1235 1203 1261 τι
1230 1222 1362 1275 θυμῷ

898 1339 951 1384 λ’,
976 1341 1056 1377 384.
1098 1345 1142 1377 cf.
1170 1343 1267 1386 17.o)
1307 1339 1712 1386 ‹incutientes-¹1:59-

897 1401 1083 1429 παντες.
1117 1403 1198 1424 αντι
1220 1389 1290 1424 τοῦ
1313 1389 1457 1432 τέρπειν
1480 1385 1714 1443 βουλόμενοι,

896 1435 1209 1479 παρηγοοοῦντες.
1263 1436 1339 1478 (est
1370 1436 1457 1470 haec
1489 1437 1629 1480 propria
1661 1436 1714 1469 vis

899 1482 1112 1526 praesentis,
1155 1490 1194 1516 ut
1230 1482 1397 1516 actionem
1434 1486 1608 1526 coeptam,
1650 1493 1714 1515 nec

899 1528 1110 1572 perf,ectam
1136 1528 1277 1563 indicet.
1319 1540 1353 1561 v.
1379 1528 1535 1562 Schafer.
1566 1538 1642 1561 ann.
1668 1527 1714 1562 ad

897 1573 1019 1618 Eurip.
1034 1574 1161 1607 Phoeu
1176 1578 1232 1610 81.
1248 1592 1291 1597 -·
1311 1599 1333 1615 ,,
1324 1575 1548 1614 ,πυκινῶς
1571 1571 1714 1618 duan„

898 1620 1117 1653 vehementer
1149 1622 1338 1661 dolentem,
1373 1626 1411 1654 ut
1443 1619 1523 1655 ἐπεὶ
1549 1621 1715 1662 πυκινῶς

899 1664 1087 1722 ἀκάχημαι
1112 1666 1240 1710 Odyss.
1265 1665 1295 1700 τ’
1309 1668 1398 1707 9,.5.
1432 1668 1469 1700 cf
1502 1667 1549 1699 ib.
1574 1666 1630 1709 ν’,
1654 1667 1713 1708 84,

898 1711 961 1756 ψ’,
985 1715 1085 1748 360.⁴
1077 1715 1102 1731 ‘⁶
1135 1714 1188 1746 Es
1212 1713 1257 1746 H.
1282 1732 1327 1738 —-
1369 1712 1588 1757 πολέμου
1613 1711 1714 1749 στό-

898 1771 980 1813 μα,
1006 1760 1138 1798 aciem,
1165 1770 1323 1815 pugnam.
1353 1758 1406 1800 κ’,
1432 1761 1483 1804 8.)
1533 1758 1714 1800 ἁδινῶς

900 1801 1200 1839 ἀνενείκατο.
1241 1804 1397 1862 αθρηόως
1430 1820 1460 1840 κ.
1492 1805 1656 1846 ε’λεεινως
1679 1820 1713 1842 κ.

900 1852 1055 1893 οἰκτραῖς
1075 1849 1284 1893 ἀνέκραξεν,
1309 1848 1332 1896 ἦ
1354 1853 1464 1888 οιονεὶ
1485 1852 1712 1907 ἀνεστέναξε,

898 1897 1049 1941 (malimz
1079 1898 1234 1941 οἰκτρως
1253 1897 1500 1941 α’νεστέναξεν,
1525 1895 1549 1943 ἦ
1572 1912 1603 1934 o.
1629 1898 1714 1935 οἰνέ-

897 1945 1026 1986 κραξεε
1049 1955 1158 1987 neque
1182 1943 1269 1978 enim
1294 1956 1380 1989 opus
1404 1946 1482 1986 fuit,
1508 1951 1547 1979 ut
1571 1946 1712 1980 verbum

896 1990 1019 2024 fortius
1036 1990 1268 2046 explitaretur
1287 1991 1465 2031 debiliore,
1485 1991 1544 2025 sed
1559 1993 1712 2036 contra.)

896 2036 959 2071 καὶ
982 2034 1077 2070 πολιὶ
1105 2034 1216 2087 ἤγαγε
1238 2038 1396 2081 πνεῦμα.
1435 2039 1525 2082 (Ap.
1551 2039 1709 2073 emend-z

898 2081 1124 2118 ἀνενείκατο.
1148 2081 1394 2126 άνεστέναξεν.
1422 2083 1504 2119 οἷον
1527 2083 1711 2129 ἀπήνεγκε

896 2128 962 2165 τὸν
997 2130 1209 2174 στεναγμόν.
1258 2130 1410 2175 Hesych.
1424 2143 1433 2165 ι
1476 2130 1709 2175 ἀνενέγκατο.

897 2176 990 2220 [sic]
1016 2175 1201 2219 ἐστέναξεν
1220 2173 1259 2210 ἐκ
1279 2177 1436 2220 βάθους.
1472 2177 1628 2211 similiter
1649 2178 1708 2211 alii

895 2222 1126 2267 grammatici,
1149 2224 1184 2256 in
1207 2224 1330 2267 quibus
1348 2223 1578 2257 Buttmannus
1599 2225 1709 2257 Lexil.

896 2269 924 2301 l.
952 2281 985 2322 p.
1010 2271 1130 2304 263-
1140 2271 1220 2304 266.
1246 2276 1282 2302 et
1305 2275 1387 2313 apta
1411 2270 1546 2315 quidem
1571 2276 1625 2303 est
1650 2271 1710 2304 ina

897 2314 991 2348 notio
1013 2315 1116 2349 verbi
1141 2313 1396 2350 ανενεικεσθαι
1418 2327 1491 2349 cum
1519 2315 1597 2350 huic
1619 2317 1708 2357 loco,

896 2366 967 2394 tum
990 2360 1057 2395 illis
1077 2361 1245 2417 {lerodoti
1268 2361 1312 2395 de
1333 2362 1460 2395 Croeso
1486 2364 1518 2403 1,
1538 2364 1595 2398 86.
1624 2362 1710 2397 ἀνε-

895 2405 1115 2450 νεικάμενόν
1148 2420 1188 2443 τε
1231 2408 1294 2443 και
1335 2407 1634 2464 ἀναστενάξαντα
1668 2407 1709 2443 ἐκ

895 2456 1031 2498 πολλῆς
1067 2456 1220 2499 ησυχίης
1251 2454 1288 2495 ἐς
1317 2468 1396 2499 τρις
1422 2454 1606 2497 ὀνομάσαι
1632 2454 1710 2490 Σό-

894 2503 1005 2535 λωια.
1046 2501 1106 2535 sed
1135 2502 1226 2534 idem
1262 2501 1447 2535 historicus
1479 2503 1522 2535 de
1551 2503 1710 2546 Astyage

898 2548 1058 2587 1,116.:
1092 2545 1281 2591 ἐκπλαγεὶς
1305 2546 1346 2582 δὲ
1370 2546 1557 2604 τούτοισι,
1581 2548 1707 2605 inquit,

895 2591 956 2628 ἐπὶ
977 2592 1110 2650 χρόιον
1135 2593 1331 2638 ἄφθογγος
1363 2588 1429 2638 ἦν·
1460 2593 1566 2638 μόγις
1593 2592 1634 2629 δὲ
1659 2594 1708 2638 δή

894 2651 977 2675 κοτε
1001 2637 1226 2685 ἀνενειχθεὶς
1249 2646 1328 2676 εἰπε
1354 2647 1442 2684 αα,
1468 2641 1502 2675 h.
1528 2653 1557 2674 e.
1582 2651 1617 2673 se
1638 2641 1709 2673 col-

895 2686 1029 2731 Egens,
1063 2688 1215 2720 animum
1247 2688 1424 2730 recipiens.
1473 2687 1706 2730 quaerendum

895 2737 950 2766 est
965 2732 1072 2776 igitur
1090 2734 1231 2778 aliquid,
1249 2733 1341 2778 quod
1362 2743 1532 2766 commune
1546 2733 1592 2765 sit
1611 2732 1707 2766 hisce

894 2778 1225 2822 significationibus3
1269 2779 1375 2823 idque
1409 2784 1486 2817 est,
1526 2778 1561 2810 ni
1592 2777 1704 2819 fallor,

892 2825 1009 2858 extolli
1026 2831 1130 2870 atque
1151 2792 1520 2868 efferri.extollunti1r
1538 2825 1702 2867 jacentes,

891 2870 1099 2905 extolluntur
1123 2872 1242 2912 animi3
1268 2870 1458 2904 efferuntur
1481 2874 1592 2903 autem
1611 2881 1702 2904 com-

889 2917 984 2958 moti,
1009 2916 1119 2961 qualis
1138 2928 1225 2950 nunc
1247 2922 1301 2950 est
1319 2915 1479 2952 Achilles,
1499 2916 1589 2960 quod
1609 2915 1703 2949 Ger-

888 2963 975 2996 mani
1000 2963 1116 2996 dicunt
1141 2964 1346 3006 ouffahrem
1374 2962 1587 3005 alterumque
1616 2961 1700 2996 illud

886 3009 959 3041 nich
982 3009 1138 3048 ετΙιοΙεη,
1166 3009 1238 3042 sich
1255 3011 1392 3052 sussen.
1434 3018 1499 3041 non
1529 3009 1594 3041 huc
1617 3019 1699 3053 per-
