1877 3277
24 2028 258 2068 -1‚207.·

636 139 1064 182 ΙΛΙΛΔΟΣ
1125 142 1192 181 M.

1664 144 1747 185 137

248 249 335 320 βάν
366 248 413 304 ῥ’
443 247 548 300 ἰθύς
571 250 770 292 Δαναων
799 247 1063 321 λελιημένοι,
1095 247 1200 293 οὐδὲ
1229 248 1272 292 τ’
1305 249 1468 306 ἔφαντο

249 305 473 363 σχήσεσθ’,
503 304 604 349 ἀλλ’
634 305 682 349 ἐν
709 306 838 362 νηυσὶ
866 307 1125 362 μελαίνῃσιν
1153 306 1396 350 πεσέεσθαι.

304 385 427 427 Asius,
458 390 592 430 portam
629 390 820 419 castrorum
854 397 897 419 ex
931 397 1033 420 curru
1057 386 1206 431 aggredi
1229 398 1353 428 ausus,
1388 399 1410 422 a
1433 387 1565 423 duobus
1589 389 1749 435 Lapithis

216 443 340 477 magna
362 443 437 465 cum
460 431 559 465 clade
582 443 721 465 suorum
744 431 912 475 rejicitur.

317 497 446 542 ”Ἐνθ
480 497 607 542 ἄλλοι
640 502 786 554 Τρῶες
815 499 1080 568 τηλεκλειτοί
1107 497 1151 542 τ’
1183 498 1414 555 επίκουροι

249 558 391 627 βουλῇ
422 554 803 610 Πουλυδάμαντος
833 555 1085 627 ἀμωμήτοιο
1116 558 1328 626 πίθοντο·

138 619 219 658 110
249 610 346 655 ἀλλ’
380 612 461 668 οὐχ
485 612 743 668 ’Υρτακίδης
773 611 892 655 ε”θελ
911 612 1084 665 ”Ασιος,
1116 612 1310 669 ὄρχαμος
1339 612 1530 669 ἀνδρῶν,

250 671 362 712 αύθι
391 673 532 713 λιπεῖν
561 670 723 720 ἵππους
752 685 797 712 τε
827 669 901 712 καὶ
929 667 1109 726 ἡνίοχον
1137 670 1406 724 θεράποντα,

250 724 361 769 ἀλλὰ
392 726 476 770 σὺν
507 724 710 769 αὐτοῖσιν
740 726 927 770 πέλασεν
955 727 1106 782 νήεσσι
1134 732 1284 784 θοησι,

249 781 429 838 νήπιος,
463 781 563 827 οὐδ’
596 781 670 837 ἄρ’
704 782 874 853 ἔμελλε,
904 783 1044 835 κακάς
1072 783 1161 827 ὑπὸ
1194 787 1345 840 Κῆρας
1374 782 1553 839 ἀλύξας,

251 840 452 884 ἵπποισιν
476 840 551 883 καὶ
580 838 762 896 ὄχεσφιν
792 838 1088 895 ἀγαλλόμενος
1111 841 1232 895 παρὰ
1260 846 1381 897 νηῶν

139 898 220 941 115
253 895 316 948 ἂψ
346 896 670 952 ἀπονοστήσειν
697 898 826 950 προτὶ
841 896 981 940 Ἴλιον
1010 897 1304 968 ἠνεμόεσσαν

247 953 448 1008 πρόσθεν
475 953 559 1009 γάρ
587 970 664 1008 μιν
693 957 849 1007 Μοῖρα
880 953 1142 1010 δυσώνυμος
1174 953 1490 1011 ἀμφεκάλυψεν

249 1010 360 1066 ε’γχει
388 1011 638 1080 Ἰδομενῆος
667 1009 842 1064 ἀγαυοῦ
872 1014 1164 1055 Δευκαλίδαο.

250 1068 396 1111 εἴσατο
428 1068 512 1123 γάρ
543 1071 664 1122 νηῶν
693 1065 762 1110 ἐπ’
794 1066 1025 1122 ἀριστερὰ,
1057 1084 1211 1140 τῃπερ,
1222 1067 1383 1123 Ἀχαιοὶ

249 1124 298 1168 ἐκ
326 1127 482 1168 πεδίου
510 1125 717 1167 νίσσοντο
748 1124 835 1168 συν
861 1126 1062 1168 ἵπποισιν
1091 1126 1165 1168 καὶ
1196 1123 1390 1197 ὄχεσφιν,

139 1186 221 1227 120
251 1185 306 1243 τῇ
336 1180 382 1236 ῥ’
412 1183 574 1232 ι’ππους
603 1197 647 1224 τε
675 1181 747 1224 καὶ
778 1181 898 1236 ἅρμα
929 1181 1156 1238 διήλασεν,
1188 1182 1292 1225 οὐδὲ
1306 1180 1512 1250 πύλῃσιν

249 1238 346 1292 εὑρ’
375 1238 699 1309 ἐπικεκλιμένας
729 1241 910 1290 σανίδας
939 1241 1011 1282 καὶ
1043 1239 1218 1295 μακρόν
1238 1237 1366 1311 ὀχῆα,

248 1294 345 1340 ἀλλ’
376 1293 736 1351 ἀναπεπταμένας
766 1296 865 1351 ε’χον
897 1294 1068 1350 ἀνέρες,
1101 1298 1140 1339 εἴ
1163 1294 1249 1340 τιν’
1281 1296 1465 1350 εταίρωιι

250 1353 299 1398 ἐκ
327 1354 523 1410 πολέμου
554 1352 779 1408 φεύγοντα
810 1352 1028 1397 σαώσειαν
1057 1353 1165 1410 μετὰ
1197 1357 1320 1410 νῆας.

81 1478 162 1510 σαν,
187 1465 362 1504 ωπλισαν.
406 1472 589 1513 postquam
613 1467 745 1522 junctis
770 1466 893 1512 clipeis

81 1515 336 1558 συνασπισμόν
369 1515 538 1549 fecerant.
595 1514 640 1547 cf.
674 1511 717 1556 ν’,
745 1515 822 1549 130.
856 1518 892 1547 et

80 1561 171 1596 infra
206 1563 284 1598 137.
319 1573 418 1606 sequ.
450 1561 483 1592 E
510 1561 547 1593 K
573 1565 607 1594 et
637 1560 709 1604 H.)
761 1572 889 1594 τυκτ.

80 1609 265 1665 βόεσσι.
313 1611 396 1647 ταῖς
429 1605 685 1663 εἰργασμέναις
723 1605 890 1664 βύρσαις.

79 1653 173 1700 λέγει
209 1653 250 1690 δε
287 1659 369 1695 ταῖς
404 1652 566 1688 ἀσπίσιν.
635 1650 817 1688 ου’δέποτε
850 1651 891 1688 δὲ

80 1702 174 1757 βοῦν
192 1699 316 1742 ἁπλαῖς
332 1699 425 1759 λέγει
442 1698 511 1744 τήν
534 1696 694 1740 ἀσπίδα,
721 1697 813 1735 ἀλλά
829 1713 892 1743 με-

79 1746 127 1782 τά
142 1761 253 1789 τινος.
292 1747 330 1791 ἐξ
355 1743 399 1782 οὗ
423 1747 637 1791 γνωρίζεται
660 1747 751 1793 βῶν
777 1744 889 1790 α’ζα-

80 1794 202 1849 λεήν.
226 1793 288 1838 (η’,
312 1796 403 1835 238,
427 1793 486 1827 ubi
511 1805 544 1827 v.
570 1805 647 1827 ann.
681 1806 806 1828 τυκτ.
831 1793 892 1829 εὗ-

79 1839 290 1898 τύκτοισιν,
326 1846 364 1875 ut
387 1820 466 1893 470
501 1840 661 1884 ποιητὰς
685 1838 804 1880 πύλας
828 1852 891 1885 pro

82 1899 123 1923 ευ
143 1885 315 1943 ποιητάς.
347 1887 392 1920 cf.
417 1884 472 1928 ψ,
495 1886 575 1926 340,
591 1888 659 1921 718
679 1891 757 1927 etc„
783 1887 828 1927 K,
845 1887 892 1920 Η.

81 1932 279 1974 -ἰθυς
302 1933 528 1974 Δαναῶν,
558 1938 654 1967 recta
676 1933 712 1965 in
739 1912 893 1966 bannos.

81 1980 129 2016 cf.
154 1980 299 2014 inferius
324 1978 410 2021 453,
436 1979 561 2014 Matth.
589 1981 622 2021 §.
642 1980 723 2014 328.
759 1979 892 2013 Herod.

297 2025 368 2061 ἰθῦ
409 2026 476 2068 τῆς
509 2023 624 2081 ἀρχῆς
659 2027 726 2068 τῆς
765 2024 893 2069 Τομύ-

81 2072 174 2116 ριος.
198 2073 261 2117 —)
308 2075 488 2116 λελιημ.
515 2071 580 2115 (δ’,
602 2073 670 2107 465
688 2073 775 2116 etc)
800 2085 893 2116 παρ-

82 2118 312 2164 ωρμημένοι,
346 2118 533 2163 ἕνθερμοι.
572 2118 802 2162 (ἔφαντο,
826 2131 894 2163 pu-

80 2168 224 2208 tabant,
258 2167 456 2211 sperabant.
503 2166 588 2206 125,
624 2166 711 2206 165,
742 2163 786 2209 γ’,
811 2167 893 2206 366,

81 2211 121 2256 ζ,
157 2215 223 2248 501
261 2214 353 2257 etc.)
411 2209 654 2269 σχήσεσθ’.
701 2213 893 2256 σχεθῆναι,

79 2261 308 2304 κωλυθῆναι.
337 2258 419 2292 Sch.
469 2257 757 2303 ἀμωμήτοιο
789 2259 894 2292 semel

81 2305 188 2348 dixit3
220 2306 383 2349 frequens
413 2311 526 2339 autem
561 2310 614 2339 est
643 2306 764 2341 vocab.
796 2301 894 2349 ἀμύ-

79 2365 182 2397 μων,
206 2352 299 2398 quod
322 2351 411 2385 idem
436 2351 621 2396 significat.

131 2419 252 2457 114—
265 2423 341 2456 116.
391 2420 488 2455 ῗππ.
514 2434 547 2454 κ.
572 2417 604 2456 5.
630 2417 719 2463 ἀγ,
747 2420 841 2464 equis
861 2425 895 2454 et

81 2468 369 2549 Ξέῗαῖῗῗᾞ
381 2469 628 2548 Σωιῖῗεέἷω
655 2464 689 2546 ff
695 2465 834 2546 ’.36213
846 2480 895 2547 ''ez

83 2558 150 2594 alii.
177 2579 220 2585 —
236 2527 541 2600 δυσώνιῗμος.
575 2527 808 2602 κακώῖυμος,
829 2573 894 2594 κα-

81 2607 140 2651 κή.
187 2606 284 2642 Sch.=
308 2605 459 2652 χαλεπή.
494 2619 527 2639 v.
554 2617 630 2640 ann.
655 2606 699 2640 ad
724 2604 764 2649 ζ,
788 2607 869 2641 255.

132 2674 208 2710 117.
256 2678 390 2710 Δευκ.
415 2674 760 2720 ψιειείεΔεύκαλος,
776 2686 894 2719 quem-

82 2719 262 2754 admodum
286 2719 418 2756 Μόλον
443 2726 477 2754 et
504 2724 683 2756 Μολίωνα
718 2721 893 2761 dixerunt,

988 1469 1109 1504 118—-
1121 1469 1200 1503 123.
1250 1467 1420 1503 εἴσατο
1458 1465 1528 1500 tria
1555 1464 1756 1516 significare

939 1513 1024 1548 dicit
1047 1514 1144 1556 Sch.,
1168 1514 1223 1548 hic
1241 1514 1377 1559 quidem
1398 1512 1578 1557 ὥρμησεν,
1596 1513 1639 1546 ab
1662 1509 1756 1568 effu.-

939 1561 1123 1618 Odysseae
1148 1566 1262 1594 autem
1289 1560 1329 1603 ε’,
1354 1563 1436 1597 281.
1468 1560 1610 1603 (εἷ’σατο
1637 1557 1679 1594 δ’
1705 1556 1757 1598 ὥς

939 1604 1000 1642 ὅτε
1023 1605 1172 1665 ρινὸν),
1193 1587 1336 1664 ἐφάνηῖ,
1371 1614 1408 1642 et
1443 1605 1535 1652 ἔγνω
1569 1605 1606 1639 in
1638 1606 1756 1639 verbis

939 1654 1107 1698 ει’σομαι,
1133 1653 1214 1689 ains
1237 1667 1263 1697 μ
1307 1651 1326 1689 ὁ
1355 1655 1539 1711 Τυδείδης
1564 1652 1647 1697 (per
1667 1652 1758 1685 osci-

938 1700 1103 1735 tationem
1139 1700 1282 1746 scripsit
1312 1700 1351 1736 εἴ
1380 1700 1420 1737 κε’
1450 1698 1494 1744 μ’
1524 1696 1756 1743 Ὀδυσσεύς)

940 1752 1007 1780 etc.
1043 1746 1097 1788 θ’,
1121 1747 1202 1782 532.
1228 1746 1384 1782 similiter
1410 1749 1474 1792 Ap.
1498 1759 1532 1780 v.
1561 1744 1704 1780 ἐείσατο
1722 1752 1758 1779 et

939 1793 1010 1827 alii.
1047 1804 1082 1827 v.
1130 1792 1161 1826 si
1185 1793 1274 1827 tanti
1300 1799 1365 1836 est,
1392 1794 1448 1835 H,
1473 1793 1601 1827 Matth.
1628 1804 1658 1846 p
1675 1790 1755 1826 284.

938 1859 985 1864 -
1008 1852 1135 1885 νηων
1160 1837 1228 1874 ἐπ’
1256 1838 1498 1884 ἀριστερά,
1522 1840 1559 1873 in
1577 1839 1758 1872 sinistram

936 1891 1075 1930 partem
1106 1887 1249 1919 navium
1284 1898 1511 1931 graecarum,
1548 1896 1639 1930 quae
1675 1896 1758 1929 pars

939 1933 1051 1976 'Iroja
1083 1932 1325 1975 venientibus,
1370 1938 1407 1967 ut
1443 1932 1607 1967 veniebat
1643 1931 1756 1972 Asius,

940 1979 1088 2013 obversa
1120 1984 1196 2012 erat
1227 1979 1261 2012 in
1295 1991 1449 2025 campum
1484 1977 1755 2019 Scamandrium,

940 2025 1064 2059 dextra
1090 2036 1173 2058 vero
1197 2025 1234 2058 in
1254 2025 1526 2071 Hellespontum
1559 2037 1591 2058 v.
1618 2024 1756 2069 Knigh-

939 2070 981 2104 tii
1022 2070 1174 2105 tabulam
1214 2072 1257 2105 de
1301 2072 1443 2106 Troade
1477 2071 1673 2105 Homerica.
1710 2090 1756 2095 —

940 2119 1164 2158 σανίδας,
1193 2118 1351 2160 tabulas,
1376 2119 1409 2154 h.
1428 2131 1459 2152 e.
1482 2119 1624 2157 valvas,
1643 2120 1754 2160 sores.

940 2164 986 2199 cf.
1011 2162 1047 2207 ι’,
1074 2165 1155 2204 579,
1180 2161 1222 2205 σ’,
1247 2166 1316 2200 275
1341 2161 1755 2208 ειο.-8ο1ι.εο’χῆα.

940 2208 1009 2245 τόν
1033 2222 1251 2245 συνεκτικον
1274 2213 1340 2256 τῆς
1362 2210 1490 2253 θύρας
1518 2209 1666 2266 “⁰2²⁶'';
1701 2211 1756 2254 (v.

941 2268 1019 2290 ann.
1056 2256 1100 2290 ad
1130 2255 1174 2300 γ,
1205 2259 1284 2292 372.
1333 2258 1474 2302 proprie
1510 2258 1597 2291 duos
1641 2254 1758 2302 ὀχῆας

940 2301 1170 2347 ἐπημοιβούς
1195 2304 1280 2337 fuiss
1266 2315 1302 2337 e
1327 2304 1376 2338 ait
1400 2304 1517 2338 Schol.
1542 2306 1581 2337 A.
1606 2315 1640 2335 v.
1665 2305 1757 2338 inse-

939 2350 1011 2384 rius
1035 2351 1125 2391 455,
1152 2352 1183 2385 6.
1209 2370 1254 2375 -
1279 2350 1368 2383 idem
1395 2350 1548 2391 notauit,
1575 2349 1659 2394 ἔχον
1676 2362 1758 2384 ver-

940 2407 980 2429 su
1009 2397 1166 2450 proximo
1191 2408 1267 2430 esse
1290 2400 1473 2441 κατεῖχον,
1498 2402 1693 2438 servarunt,
1720 2402 1758 2431 ut

942 2442 1103 2476 Priamus
1128 2456 1180 2487 φ,
1206 2445 1305 2479 53ῑά
1332 2442 1568 2500 πεπταμένας
1593 2443 1633 2480 ἐν
1658 2443 1758 2486 χερσὶ

940 2487 1059 2528 πύλας
1086 2488 1193 2532 ἔχετε.
1220 2510 1264 2514 -
1290 2489 1336 2524 εἷ’
1355 2503 1432 2524 τιν
1477 2489 1533 2525 ἑτ.
1554 2510 1597 2515 -
1624 2491 1758 2534 νῆας,

941 2537 971 2568 si
989 2547 1086 2579 quem
1107 2536 1373 2570 commilitonum
1393 2549 1433 2570 ex
1460 2538 1590 2579 proelio
1606 2538 1759 2581 fuglen-

941 2587 1009 2615 tem
1032 2583 1170 2615 salvum
1192 2583 1384 2626 reciperent
1409 2583 1456 2616 ad
1476 2595 1590 2616 naves.
1641 2584 1759 2617 mode-

941 2629 1028 2661 stius
1053 2628 1227 2662 consilium
1261 2641 1360 2673 quam
1394 2630 1544 2663 Pandari
1574 2634 1609 2663 et
1643 2629 1759 2663 Bitiae

941 2686 996 2719 ap.
1033 2675 1209 2709 Maronem
1247 2677 1330 2708 Aen.
1360 2677 1405 2716 9,
1437 2676 1505 2711 672
1542 2687 1661 2720 seqq„
1698 2676 1758 2720 qui

942 2727 1076 2765 portam
1102 2728 1290 2755 castrorum
1312 2722 1543 2766 Trojanorum
1559 2722 1757 2762 recludunt,

83 2771 120 2800 et
145 2766 286 2800 Plautus
313 2768 456 2807 Dolum,
489 2769 683 2809 Electrum,
711 2768 892 2809 Tranium,
933 2769 1025 2810 freti
1049 2768 1173 2807 armis,
1208 2769 1367 2822 ultroque
1393 2769 1544 2802 invitant
1582 2770 1758 2802 moenibus

83 2822 147 2857 pro
163 2811 354 2867 Dolonem,
381 2814 644 2858 Electryonem,
669 2814 893 2848 Tranionem.

83 2867 118 2890 v.
141 2855 185 2899 ν’,
210 2860 291 2901 307,
351 2862 479 2901 ,,60.8
504 2861 536 2893 H
562 2872 638 2894 ann.
665 2861 707 2894 ad
735 2859 780 2900 δ’,
798 2859 892 2900 488,

83 2900 126 2944 λ,
150 2905 228 2939 708.
277 2905 435 2963 Apollod.
459 2907 502 2948 3,
528 2908 562 2948 3,
589 2911 641 2942 1..
664 2907 895 2942 Δευκαλίωνι

82 2947 124 2984 δὲ
146 2949 312 2994 ἐγένοντο
343 2951 542 2996 Ἰδομενεύς
574 2966 633 2994 τε,
667 2954 729 2989 καὶ
756 2951 894 2998 Κρήτη,

81 2996 144 3031 καὶ
169 2995 286 3040 νόθος
310 2997 329 3035 ὁ
356 2999 495 3041 Μόλος.

941 2814 1082 2847 hostem.
1131 2814 1181 2847 sic
1206 2814 1307 2848 etiam
1334 2814 1366 2847 in
1387 2815 1538 2847 carmine
1559 2814 1756 2857 germanlco

941 2860 985 2893 de
1011 2860 1216 2903 Nibelungls
1244 2861 1365 2894 hernes
1382 2861 1526 2904 Hagene
1551 2867 1587 2894 et
1610 2861 1757 2894 Volcher

941 2909 1027 2939 satis
1063 2906 1190 2939 habent
1223 2907 1396 2941 excubare
1428 2913 1507 2940 ante
1536 2912 1666 2951 portam
1693 2907 1755 2940 do-

941 2963 1035 2994 mus,
1080 2952 1113 2985 in
1147 2965 1214 2997 qua
1248 2953 1420 2987 dormiunt
1451 2953 1651 2997 Burgundl‚
1692 2965 1755 2986 nec

942 2999 1084 3033 Hunnos
1110 2999 1152 3033 ad
1178 3010 1326 3044 pugnam
1354 3005 1561 3043 provocant:
1599 3000 1640 3033 do
1666 3011 1754 3045 gar-
