<?xml version="1.0" encoding="UTF-8"?>
<!DOCTYPE html PUBLIC "-//W3C//DTD XHTML 1.0 Transitional//EN"
    "http://www.w3.org/TR/xhtml1/DTD/xhtml1-transitional.dtd">
<html xmlns="http://www.w3.org/1999/xhtml" xml:lang="en" lang="en">
 <head>
  <title>
</title>
<meta http-equiv="Content-Type" content="text/html;charset=utf-8" />
  <meta name='ocr-system' content='tesseract 3.04.00' />
  <meta name='ocr-capabilities' content='ocr_page ocr_carea ocr_par ocr_line ocrx_word'/>
</head>
<body>
  <div class='ocr_page' id='page_1' title='image "./carmina02home_0090.png"; bbox 0 0 1877 3277; ppageno 0'>
   <div class='ocr_carea' id='block_1_1' title="bbox 179 199 263 240">
    <p class='ocr_par' dir='ltr' id='par_1_1' title="bbox 179 199 263 240">
     <span class='ocr_line' id='line_1_1' title="bbox 179 199 263 240; baseline 0 0"><span class='ocrx_word' id='word_1_1' title='bbox 179 199 263 240; x_wconf 80' lang='lat'><em>212</em></span> 
     </span>
    </p>
   </div>
   <div class='ocr_carea' id='block_1_2' title="bbox 809 197 1210 239">
    <p class='ocr_par' dir='ltr' id='par_1_2' title="bbox 809 197 1210 239">
     <span class='ocr_line' id='line_1_2' title="bbox 809 197 1210 239; baseline -0.002 0"><span class='ocrx_word' id='word_1_2' title='bbox 809 197 1210 239; x_wconf 70' lang='grc' dir='ltr'><em>ΟΜΗΡΟΥ</em></span> 
     </span>
    </p>
   </div>
   <div class='ocr_carea' id='block_1_3' title="bbox 259 303 1877 656">
    <p class='ocr_par' dir='ltr' id='par_1_3' title="bbox 259 303 1877 642">
     <span class='ocr_line' id='line_1_3' title="bbox 265 303 1596 376; baseline 0.001 -26"><span class='ocrx_word' id='word_1_3' title='bbox 265 308 318 351; x_wconf 87' lang='lat'><em>85</em></span> <span class='ocrx_word' id='word_1_4' title='bbox 351 306 508 376; x_wconf 67' lang='grc' dir='ltr'><em>σημαία</em></span> <span class='ocrx_word' id='word_1_5' title='bbox 513 321 602 359; x_wconf 86' lang='grc' dir='ltr'><em>ειν</em></span> <span class='ocrx_word' id='word_1_6' title='bbox 633 304 736 361; x_wconf 89' lang='grc' dir='ltr'><em>μηδ’</em></span> <span class='ocrx_word' id='word_1_7' title='bbox 767 304 902 375; x_wconf 75' lang='grc' dir='ltr'><em>ἄμμιν</em></span> <span class='ocrx_word' id='word_1_8' title='bbox 930 303 1195 359; x_wconf 75' lang='grc' dir='ltr'><em>ἀνασσέμεν,</em></span> <span class='ocrx_word' id='word_1_9' title='bbox 1227 303 1340 348; x_wconf 79' lang='grc' dir='ltr'><em>οἷσιιΙ</em></span> <span class='ocrx_word' id='word_1_10' title='bbox 1371 304 1454 360; x_wconf 75' lang='grc' dir='ltr'><em>ἄρα</em></span> <span class='ocrx_word' id='word_1_11' title='bbox 1486 308 1596 359; x_wconf 80' lang='grc' dir='ltr'><em>Ζεύς</em></span> 
     </span>
     <span class='ocr_line' id='line_1_4' title="bbox 344 360 1410 432; baseline -0.002 -27"><span class='ocrx_word' id='word_1_12' title='bbox 344 361 392 405; x_wconf 82' lang='grc' dir='ltr'><em>ἐκ</em></span> <span class='ocrx_word' id='word_1_13' title='bbox 420 361 621 432; x_wconf 88' lang='grc' dir='ltr'><em>νεότητος</em></span> <span class='ocrx_word' id='word_1_14' title='bbox 652 363 784 405; x_wconf 85' lang='grc' dir='ltr'><em>ε’δωκε</em></span> <span class='ocrx_word' id='word_1_15' title='bbox 814 362 886 404; x_wconf 85' lang='grc' dir='ltr'><em>καὶ</em></span> <span class='ocrx_word' id='word_1_16' title='bbox 917 360 958 412; x_wconf 82' lang='grc' dir='ltr'><em>ἐς</em></span> <span class='ocrx_word' id='word_1_17' title='bbox 987 365 1123 417; x_wconf 76' lang='grc' dir='ltr'><em>γῆρας</em></span> <span class='ocrx_word' id='word_1_18' title='bbox 1153 360 1410 404; x_wconf 75' lang='grc' dir='ltr'><em>τολυπεύειν</em></span> 
     </span>
     <span class='ocr_line' id='line_1_5' title="bbox 345 416 1870 489; baseline 0.001 -29"><span class='ocrx_word' id='word_1_19' title='bbox 345 417 585 489; x_wconf 74' lang='grc' dir='ltr'><em>ἀργαλέους</em></span> <span class='ocrx_word' id='word_1_20' title='bbox 614 418 848 472; x_wconf 80' lang='grc' dir='ltr'><em>πολέμους,</em></span> <span class='ocrx_word' id='word_1_21' title='bbox 880 416 1000 472; x_wconf 76' lang='grc' dir='ltr'><em>ὄφρα</em></span> <span class='ocrx_word' id='word_1_22' title='bbox 1030 416 1284 486; x_wconf 74' lang='grc' dir='ltr'><em>φθιόμεσθα</em></span> <span class='ocrx_word' id='word_1_23' title='bbox 1315 418 1504 471; x_wconf 64' lang='grc' dir='ltr'><em>ἕκαστος.</em></span> <span class='ocrx_word' id='word_1_24' title='bbox 1868 462 1870 465; x_wconf 77' lang='grc'><em>,</em></span> 
     </span>
     <span class='ocr_line' id='line_1_6' title="bbox 344 471 1877 544; baseline 0 -28"><span class='ocrx_word' id='word_1_25' title='bbox 344 475 459 518; x_wconf 84' lang='grc' dir='ltr'><em>ου’τω</em></span> <span class='ocrx_word' id='word_1_26' title='bbox 491 475 543 530; x_wconf 81' lang='grc' dir='ltr'><em>δὴ</em></span> <span class='ocrx_word' id='word_1_27' title='bbox 571 473 760 531; x_wconf 87' lang='grc' dir='ltr'><em>μέμονας</em></span> <span class='ocrx_word' id='word_1_28' title='bbox 796 473 960 544; x_wconf 80' lang='grc' dir='ltr'><em>Τρώων</em></span> <span class='ocrx_word' id='word_1_29' title='bbox 985 472 1116 515; x_wconf 91' lang='grc' dir='ltr'><em>πόλιν</em></span> <span class='ocrx_word' id='word_1_30' title='bbox 1146 471 1337 528; x_wconf 79' lang='grc' dir='ltr'><em>ευρυάγι</em></span> <span class='ocrx_word' id='word_1_31' title='bbox 1343 490 1414 516; x_wconf 80' lang='grc' dir='ltr'><em>ιαν</em></span> <span class='ocrx_word' id='word_1_32' title='bbox 1866 492 1877 533; x_wconf 99' lang='lat'><em>5</em></span> 
     </span>
     <span class='ocr_line' id='line_1_7' title="bbox 344 527 1877 600; baseline -0.001 -26"><span class='ocrx_word' id='word_1_33' title='bbox 344 533 612 583; x_wconf 76' lang='grc' dir='ltr'><em>καλλείψειν,</em></span> <span class='ocrx_word' id='word_1_34' title='bbox 641 531 692 600; x_wconf 87' lang='grc' dir='ltr'><em>ἡς</em></span> <span class='ocrx_word' id='word_1_35' title='bbox 722 528 851 572; x_wconf 76' lang='grc' dir='ltr'><em>εἵνεκ’</em></span> <span class='ocrx_word' id='word_1_36' title='bbox 873 527 1087 600; x_wconf 81' lang='grc' dir='ltr'><em>ὀϊζύομεν</em></span> <span class='ocrx_word' id='word_1_37' title='bbox 1117 531 1228 572; x_wconf 86' lang='grc' dir='ltr'><em>κακὰ</em></span> <span class='ocrx_word' id='word_1_38' title='bbox 1257 530 1420 600; x_wconf 61' lang='grc' dir='ltr'><em>πολλά,</em></span> <span class='ocrx_word' id='word_1_39' title='bbox 1866 533 1877 587; x_wconf 63' lang='lat' dir='ltr'><em>lg</em></span> 
     </span>
     <span class='ocr_line' id='line_1_8' title="bbox 259 583 1869 656; baseline -0.002 -24"><span class='ocrx_word' id='word_1_40' title='bbox 259 591 315 633; x_wconf 89' lang='lat'><em>90</em></span> <span class='ocrx_word' id='word_1_41' title='bbox 346 588 469 641; x_wconf 78' lang='grc' dir='ltr'><em>σίγα,</em></span> <span class='ocrx_word' id='word_1_42' title='bbox 500 586 622 656; x_wconf 85' lang='grc' dir='ltr'><em>μήτις</em></span> <span class='ocrx_word' id='word_1_43' title='bbox 651 585 691 628; x_wconf 85' lang='grc' dir='ltr'><em>τ’</em></span> <span class='ocrx_word' id='word_1_44' title='bbox 721 584 849 636; x_wconf 79' lang='grc' dir='ltr'><em>ἄλλος</em></span> <span class='ocrx_word' id='word_1_45' title='bbox 873 583 1057 655; x_wconf 75' lang='grc' dir='ltr'><em>Ἀχαιῶν</em></span> <span class='ocrx_word' id='word_1_46' title='bbox 1085 589 1242 628; x_wconf 85' lang='grc' dir='ltr'><em>τοῦτον</em></span> <span class='ocrx_word' id='word_1_47' title='bbox 1273 585 1439 656; x_wconf 68' lang='grc' dir='ltr'><em>ἀκούσῃ</em></span> <span class='ocrx_word' id='word_1_48' title='bbox 1866 593 1869 615; x_wconf 86' lang='grc'><em>“·</em></span> 
     </span>
    </p>
   </div>
   <div class='ocr_carea' id='block_1_4' title="bbox 315 640 1697 825">
    <p class='ocr_par' dir='ltr' id='par_1_4' title="bbox 315 640 1697 811">
     <span class='ocr_line' id='line_1_9' title="bbox 344 640 1697 699; baseline -0.001 -13"><span class='ocrx_word' id='word_1_49' title='bbox 344 648 491 696; x_wconf 80' lang='grc' dir='ltr'><em>μῦθον</em></span> <span class='ocrx_word' id='word_1_50' title='bbox 501 677 511 695; x_wconf 89' lang='lat'>‚</span> <span class='ocrx_word' id='word_1_51' title='bbox 548 642 600 685; x_wconf 81' lang='grc' dir='ltr'><em>ὃν</em></span> <span class='ocrx_word' id='word_1_52' title='bbox 630 641 685 685; x_wconf 85' lang='grc' dir='ltr'><em>οὔ</em></span> <span class='ocrx_word' id='word_1_53' title='bbox 715 658 790 685; x_wconf 86' lang='grc' dir='ltr'><em>κεν</em></span> <span class='ocrx_word' id='word_1_54' title='bbox 822 641 933 698; x_wconf 84' lang='grc' dir='ltr'><em>ἀνήρ</em></span> <span class='ocrx_word' id='word_1_55' title='bbox 964 658 1010 696; x_wconf 85' lang='grc' dir='ltr'><em>γε</em></span> <span class='ocrx_word' id='word_1_56' title='bbox 1042 641 1113 685; x_wconf 82' lang='grc' dir='ltr'><em>διὰ</em></span> <span class='ocrx_word' id='word_1_57' title='bbox 1146 640 1283 695; x_wconf 81' lang='grc' dir='ltr'><em>στόμα</em></span> <span class='ocrx_word' id='word_1_58' title='bbox 1313 642 1493 698; x_wconf 76' lang='grc' dir='ltr'><em>πάμπαν</em></span> <span class='ocrx_word' id='word_1_59' title='bbox 1523 642 1697 699; x_wconf 78' lang='grc' dir='ltr'><em>ἄγοιτο,</em></span> 
     </span>
     <span class='ocr_line' id='line_1_10' title="bbox 315 695 1355 754; baseline -0.003 -11"><span class='ocrx_word' id='word_1_60' title='bbox 315 699 458 750; x_wconf 75' lang='grc' dir='ltr'><em>*ὅστις</em></span> <span class='ocrx_word' id='word_1_61' title='bbox 489 699 706 742; x_wconf 80' lang='grc' dir='ltr'><em>ἐπίσταιτο</em></span> <span class='ocrx_word' id='word_1_62' title='bbox 736 695 810 753; x_wconf 83' lang='grc' dir='ltr'><em>ᾗσι</em></span> <span class='ocrx_word' id='word_1_63' title='bbox 842 700 998 754; x_wconf 84' lang='grc' dir='ltr'><em>φρεσὶν</em></span> <span class='ocrx_word' id='word_1_64' title='bbox 1028 697 1156 752; x_wconf 75' lang='grc' dir='ltr'><em>ἄρτια</em></span> <span class='ocrx_word' id='word_1_65' title='bbox 1186 697 1355 753; x_wconf 80' lang='grc' dir='ltr'><em>βάζειν,</em></span> 
     </span>
     <span class='ocr_line' id='line_1_11' title="bbox 341 752 1364 825; baseline -0.001 -27"><span class='ocrx_word' id='word_1_66' title='bbox 341 755 618 825; x_wconf 81' lang='grc' dir='ltr'><em>σκηπτοῦχός</em></span> <span class='ocrx_word' id='word_1_67' title='bbox 647 752 685 796; x_wconf 88' lang='grc' dir='ltr'><em>τ’</em></span> <span class='ocrx_word' id='word_1_68' title='bbox 719 757 805 810; x_wconf 80' lang='grc' dir='ltr'><em>εἴη,</em></span> <span class='ocrx_word' id='word_1_69' title='bbox 836 756 910 797; x_wconf 83' lang='grc' dir='ltr'><em>καί</em></span> <span class='ocrx_word' id='word_1_70' title='bbox 935 756 979 797; x_wconf 80' lang='grc' dir='ltr'><em>οἱ</em></span> <span class='ocrx_word' id='word_1_71' title='bbox 1008 756 1234 797; x_wconf 76' lang='grc' dir='ltr'><em>πειθοίατο</em></span> <span class='ocrx_word' id='word_1_72' title='bbox 1262 755 1364 797; x_wconf 84' lang='grc' dir='ltr'><em>λαοὶ</em></span> 
     </span>
    </p>
   </div>
   <div class='ocr_carea' id='block_1_5' title="bbox 341 809 992 880">
    <p class='ocr_par' dir='ltr' id='par_1_5' title="bbox 341 809 992 880">
     <span class='ocr_line' id='line_1_12' title="bbox 341 809 992 880; baseline -0.003 -25"><span class='ocrx_word' id='word_1_73' title='bbox 341 810 549 862; x_wconf 80' lang='grc' dir='ltr'><em>τοσσοίδ’,</em></span> <span class='ocrx_word' id='word_1_74' title='bbox 585 810 782 880; x_wconf 71' lang='lat' dir='ltr'>666pt6w</span> <span class='ocrx_word' id='word_1_75' title='bbox 812 810 866 853; x_wconf 83' lang='grc' dir='ltr'>σύ</span> <span class='ocrx_word' id='word_1_76' title='bbox 899 809 992 877; x_wconf 86' lang='grc' dir='ltr'><em>μετ’</em></span> 
     </span>
    </p>
   </div>
   <div class='ocr_carea' id='block_1_6' title="bbox 231 866 1613 1205">
    <p class='ocr_par' dir='ltr' id='par_1_6' title="bbox 231 866 1613 1205">
     <span class='ocr_line' id='line_1_13' title="bbox 258 866 1587 937; baseline -0.003 -23"><span class='ocrx_word' id='word_1_77' title='bbox 258 870 312 914; x_wconf 87' lang='grc'><em>95</em></span> <span class='ocrx_word' id='word_1_78' title='bbox 344 872 426 911; x_wconf 87' lang='grc' dir='ltr'><em>νῦν</em></span> <span class='ocrx_word' id='word_1_79' title='bbox 459 867 503 910; x_wconf 83' lang='grc' dir='ltr'><em>δέ</em></span> <span class='ocrx_word' id='word_1_80' title='bbox 533 878 609 910; x_wconf 89' lang='grc' dir='ltr'><em>σευ</em></span> <span class='ocrx_word' id='word_1_81' title='bbox 643 866 879 937; x_wconf 77' lang='grc' dir='ltr'><em>ὠνοσάμην</em></span> <span class='ocrx_word' id='word_1_82' title='bbox 909 866 1064 935; x_wconf 78' lang='grc' dir='ltr'><em>πάγχυ</em></span> <span class='ocrx_word' id='word_1_83' title='bbox 1085 867 1272 921; x_wconf 80' lang='grc' dir='ltr'><em>φρένας,</em></span> <span class='ocrx_word' id='word_1_84' title='bbox 1305 870 1402 909; x_wconf 85' lang='grc' dir='ltr'><em>οἱον</em></span> <span class='ocrx_word' id='word_1_85' title='bbox 1433 867 1587 918; x_wconf 78' lang='grc' dir='ltr'><em>ἔειπες,</em></span> 
     </span>
     <span class='ocr_line' id='line_1_14' title="bbox 343 921 1426 995; baseline -0.002 -28"><span class='ocrx_word' id='word_1_86' title='bbox 343 923 389 976; x_wconf 83' lang='grc' dir='ltr'><em>ὃς</em></span> <span class='ocrx_word' id='word_1_87' title='bbox 417 923 581 975; x_wconf 84' lang='grc' dir='ltr'><em>κέλεαι,</em></span> <span class='ocrx_word' id='word_1_88' title='bbox 611 923 818 978; x_wconf 87' lang='grc' dir='ltr'><em>πολέμοιο</em></span> <span class='ocrx_word' id='word_1_89' title='bbox 851 921 1140 974; x_wconf 81' lang='grc' dir='ltr'><em>συνεσταότος</em></span> <span class='ocrx_word' id='word_1_90' title='bbox 1169 924 1241 966; x_wconf 82' lang='grc' dir='ltr'><em>καὶ</em></span> <span class='ocrx_word' id='word_1_91' title='bbox 1251 922 1426 995; x_wconf 77' lang='grc' dir='ltr'><em>ἀϋτῆς,</em></span> 
     </span>
     <span class='ocr_line' id='line_1_15' title="bbox 341 977 1553 1035; baseline -0.002 -12"><span class='ocrx_word' id='word_1_92' title='bbox 341 984 450 1035; x_wconf 79' lang='grc' dir='ltr'><em>νῆας</em></span> <span class='ocrx_word' id='word_1_93' title='bbox 476 977 735 1034; x_wconf 77' lang='grc' dir='ltr'><em>ἐϋσσέλμους</em></span> <span class='ocrx_word' id='word_1_94' title='bbox 765 979 891 1023; x_wconf 77' lang='grc' dir='ltr'><em>ἅλαδ’</em></span> <span class='ocrx_word' id='word_1_95' title='bbox 923 979 1119 1034; x_wconf 79' lang='grc' dir='ltr'><em>ἑλκέμεν,</em></span> <span class='ocrx_word' id='word_1_96' title='bbox 1156 979 1262 1034; x_wconf 85' lang='grc' dir='ltr'><em>ὄφρ’</em></span> <span class='ocrx_word' id='word_1_97' title='bbox 1296 980 1353 1022; x_wconf 77' lang='grc' dir='ltr'><em>ἔτι</em></span> <span class='ocrx_word' id='word_1_98' title='bbox 1384 983 1553 1034; x_wconf 83' lang='grc' dir='ltr'><em>μᾶλλον</em></span> 
     </span>
     <span class='ocr_line' id='line_1_16' title="bbox 344 1035 1613 1106; baseline 0 -28"><span class='ocrx_word' id='word_1_99' title='bbox 344 1036 489 1090; x_wconf 86' lang='grc' dir='ltr'><em>Τρωσὶ</em></span> <span class='ocrx_word' id='word_1_100' title='bbox 508 1052 597 1105; x_wconf 87' lang='grc' dir='ltr'><em>μεν</em></span> <span class='ocrx_word' id='word_1_101' title='bbox 627 1035 757 1079; x_wconf 80' lang='grc' dir='ltr'><em>εὐκτεὶ</em></span> <span class='ocrx_word' id='word_1_102' title='bbox 787 1037 984 1092; x_wconf 83' lang='grc' dir='ltr'><em>γένηται,</em></span> <span class='ocrx_word' id='word_1_103' title='bbox 1015 1035 1318 1106; x_wconf 78' lang='grc' dir='ltr'><em>ἐπικρατέουσί</em></span> <span class='ocrx_word' id='word_1_104' title='bbox 1344 1052 1424 1088; x_wconf 87' lang='grc' dir='ltr'><em>περ</em></span> <span class='ocrx_word' id='word_1_105' title='bbox 1458 1036 1613 1091; x_wconf 86' lang='grc' dir='ltr'><em>ε’μπης,</em></span> 
     </span>
     <span class='ocr_line' id='line_1_17' title="bbox 550 1091 1554 1163; baseline 0 -28"><span class='ocrx_word' id='word_1_106' title='bbox 550 1093 681 1143; x_wconf 83' lang='grc' dir='ltr'><em>αἰπυς</em></span> <span class='ocrx_word' id='word_1_107' title='bbox 711 1091 897 1146; x_wconf 79' lang='grc' dir='ltr'><em>ὄλεθρος</em></span> <span class='ocrx_word' id='word_1_108' title='bbox 928 1092 1151 1163; x_wconf 74' lang='grc' dir='ltr'><em>ἐπιρρέπῃ.</em></span> <span class='ocrx_word' id='word_1_109' title='bbox 1193 1110 1246 1136; x_wconf 92' lang='grc' dir='ltr'><em>ου</em></span> <span class='ocrx_word' id='word_1_110' title='bbox 1279 1093 1364 1147; x_wconf 79' lang='grc' dir='ltr'><em>γαρ</em></span> <span class='ocrx_word' id='word_1_111' title='bbox 1391 1091 1554 1148; x_wconf 87' lang='grc' dir='ltr'><em>Ἀχαιοὶ</em></span> 
     </span>
     <span class='ocr_line' id='line_1_18' title="bbox 231 1148 1420 1205; baseline -0.003 -11"><span class='ocrx_word' id='word_1_112' title='bbox 231 1153 310 1194; x_wconf 83' lang='grc'><em>100</em></span> <span class='ocrx_word' id='word_1_113' title='bbox 344 1148 552 1205; x_wconf 80' lang='grc' dir='ltr'><em>σχήσουσι</em></span> <span class='ocrx_word' id='word_1_114' title='bbox 580 1149 796 1205; x_wconf 88' lang='grc' dir='ltr'><em>πτόλεμον</em></span> <span class='ocrx_word' id='word_1_115' title='bbox 825 1153 946 1205; x_wconf 78' lang='grc' dir='ltr'><em>νηῶν</em></span> <span class='ocrx_word' id='word_1_116' title='bbox 975 1148 1100 1192; x_wconf 77' lang='grc' dir='ltr'><em>ἅλαδ’</em></span> <span class='ocrx_word' id='word_1_117' title='bbox 1133 1148 1420 1204; x_wconf 68' lang='grc' dir='ltr'><em>ἑλκομενάων,</em></span> 
     </span>
    </p>
   </div>
   <div class='ocr_carea' id='block_1_7' title="bbox 338 1092 444 1161">
    <p class='ocr_par' dir='ltr' id='par_1_7' title="bbox 338 1092 444 1161">
     <span class='ocr_line' id='line_1_19' title="bbox 338 1092 444 1161; baseline 0 -26"><span class='ocrx_word' id='word_1_118' title='bbox 338 1092 444 1161; x_wconf 82' lang='grc' dir='ltr'><em>ἡμῖν</em></span> 
     </span>
    </p>
   </div>
   <div class='ocr_carea' id='block_1_8' title="bbox 158 1248 976 3090">
    <p class='ocr_par' dir='ltr' id='par_1_8' title="bbox 168 1248 976 1481">
     <span class='ocr_line' id='line_1_20' title="bbox 170 1248 976 1307; baseline 0 -21"><span class='ocrx_word' id='word_1_119' title='bbox 170 1250 216 1292; x_wconf 86' lang='grc' dir='ltr'><em>α’,</em></span> <span class='ocrx_word' id='word_1_120' title='bbox 236 1253 259 1286; x_wconf 81' lang='grc'><em>2</em></span> <span class='ocrx_word' id='word_1_121' title='bbox 277 1252 362 1295; x_wconf 81' lang='lat' dir='ltr'><strong>etc.)</strong></span> <span class='ocrx_word' id='word_1_122' title='bbox 387 1249 651 1307; x_wconf 82' lang='grc' dir='ltr'><em>ὀλεθριώτατε,</em></span> <span class='ocrx_word' id='word_1_123' title='bbox 677 1248 696 1295; x_wconf 72' lang='grc' dir='ltr'><em>ἢ</em></span> <span class='ocrx_word' id='word_1_124' title='bbox 719 1250 776 1286; x_wconf 78' lang='grc' dir='ltr'><em>ὀλε</em></span> <span class='ocrx_word' id='word_1_125' title='bbox 772 1250 877 1295; x_wconf 72' lang='grc' dir='ltr'><em>’θρσυ</em></span> <span class='ocrx_word' id='word_1_126' title='bbox 897 1254 976 1292; x_wconf 83' lang='grc' dir='ltr'><em>τοῖς</em></span> 
     </span>
     <span class='ocr_line' id='line_1_21' title="bbox 160 1295 972 1354; baseline 0 -22"><span class='ocrx_word' id='word_1_127' title='bbox 160 1295 308 1352; x_wconf 62' lang='grc' dir='ltr'><em>’Έλλησι</em></span> <span class='ocrx_word' id='word_1_128' title='bbox 325 1296 647 1354; x_wconf 79' lang='grc' dir='ltr'><em>παρασκευαστικέ</em></span> <span class='ocrx_word' id='word_1_129' title='bbox 661 1317 708 1323; x_wconf 87' lang='grc'><strong>-</strong></span> <span class='ocrx_word' id='word_1_130' title='bbox 726 1296 749 1332; x_wconf 72' lang='grc' dir='ltr'><em>οἳ</em></span> <span class='ocrx_word' id='word_1_131' title='bbox 761 1310 776 1332; x_wconf 88' lang='grc' dir='ltr'><em>ε</em></span> <span class='ocrx_word' id='word_1_132' title='bbox 788 1312 826 1332; x_wconf 75' lang='lat' dir='ltr'><em>tn</em></span> <span class='ocrx_word' id='word_1_133' title='bbox 838 1300 906 1332; x_wconf 87' lang='grc' dir='ltr'><em>ελί</em></span> <span class='ocrx_word' id='word_1_134' title='bbox 917 1310 936 1332; x_wconf 93' lang='lat' dir='ltr'><strong>o</strong></span> <span class='ocrx_word' id='word_1_135' title='bbox 950 1311 972 1332; x_wconf 92' lang='grc' dir='ltr'><em>υ</em></span> 
     </span>
     <span class='ocr_line' id='line_1_22' title="bbox 169 1341 970 1388; baseline -0.001 -10"><span class='ocrx_word' id='word_1_136' title='bbox 169 1342 233 1386; x_wconf 90' lang='grc' dir='ltr'><em>(δ’,</em></span> <span class='ocrx_word' id='word_1_137' title='bbox 249 1343 337 1385; x_wconf 81' lang='grc'><em>244,</em></span> <span class='ocrx_word' id='word_1_138' title='bbox 372 1343 407 1384; x_wconf 95' lang='grc' dir='ltr'><em>ι’,</em></span> <span class='ocrx_word' id='word_1_139' title='bbox 426 1346 493 1380; x_wconf 85' lang='grc'><em>503</em></span> <span class='ocrx_word' id='word_1_140' title='bbox 514 1347 601 1387; x_wconf 83' lang='lat' dir='ltr'><strong>etc)</strong></span> <span class='ocrx_word' id='word_1_141' title='bbox 626 1341 970 1388; x_wconf 73' lang='grc' dir='ltr'><em>εὐκαταφρονήτου,</em></span> 
     </span>
     <span class='ocr_line' id='line_1_23' title="bbox 170 1388 968 1434; baseline 0.001 -10"><span class='ocrx_word' id='word_1_142' title='bbox 170 1388 228 1424; x_wconf 85' lang='grc' dir='ltr'><em>ὅ’</em></span> <span class='ocrx_word' id='word_1_143' title='bbox 212 1402 308 1424; x_wconf 87' lang='grc' dir='ltr'><em>εστιν</em></span> <span class='ocrx_word' id='word_1_144' title='bbox 328 1388 516 1431; x_wconf 79' lang='grc' dir='ltr'><em>εὐτελοῦς,</em></span> <span class='ocrx_word' id='word_1_145' title='bbox 539 1391 667 1424; x_wconf 75' lang='grc' dir='ltr'><em>κακοῦ.</em></span> <span class='ocrx_word' id='word_1_146' title='bbox 699 1393 968 1434; x_wconf 83' lang='grc' dir='ltr'><em>σημαίνειν.</em></span> 
     </span>
     <span class='ocr_line' id='line_1_24' title="bbox 168 1435 966 1481; baseline 0 -10"><span class='ocrx_word' id='word_1_147' title='bbox 168 1449 237 1472; x_wconf 87' lang='grc' dir='ltr'><em>νυν</em></span> <span class='ocrx_word' id='word_1_148' title='bbox 272 1435 406 1480; x_wconf 82' lang='grc' dir='ltr'><em>α’ρχειν.</em></span> <span class='ocrx_word' id='word_1_149' title='bbox 449 1437 666 1481; x_wconf 81' lang='grc' dir='ltr'><em>(σημαίνειν</em></span> <span class='ocrx_word' id='word_1_150' title='bbox 697 1449 770 1470; x_wconf 91' lang='lat' dir='ltr'><em>cum</em></span> <span class='ocrx_word' id='word_1_151' title='bbox 805 1447 887 1470; x_wconf 73' lang='lat' dir='ltr'><strong>casu</strong></span> <span class='ocrx_word' id='word_1_152' title='bbox 920 1438 966 1477; x_wconf 89' lang='grc'><em>2.,</em></span> 
     </span>
    </p>

    <p class='ocr_par' dir='ltr' id='par_1_9' title="bbox 163 1481 972 2170">
     <span class='ocr_line' id='line_1_25' title="bbox 167 1481 966 1527; baseline 0.001 -11"><span class='ocrx_word' id='word_1_153' title='bbox 167 1493 241 1516; x_wconf 89' lang='lat' dir='ltr'><em>cum</em></span> <span class='ocrx_word' id='word_1_154' title='bbox 265 1483 427 1515; x_wconf 88' lang='lat' dir='ltr'><strong>sollennis</strong></span> <span class='ocrx_word' id='word_1_155' title='bbox 451 1482 495 1515; x_wconf 87' lang='lat' dir='ltr'><strong>sit</strong></span> <span class='ocrx_word' id='word_1_156' title='bbox 519 1482 660 1516; x_wconf 79' lang='lat' dir='ltr'><strong>tertius:</strong></span> <span class='ocrx_word' id='word_1_157' title='bbox 698 1495 728 1515; x_wconf 90' lang='lat' dir='ltr'><strong>v.</strong></span> <span class='ocrx_word' id='word_1_158' title='bbox 749 1481 794 1522; x_wconf 86' lang='grc' dir='ltr'><em>α’,</em></span> <span class='ocrx_word' id='word_1_159' title='bbox 815 1484 893 1522; x_wconf 76' lang='grc'><em>289,</em></span> <span class='ocrx_word' id='word_1_160' title='bbox 919 1481 966 1527; x_wconf 85' lang='grc' dir='ltr'><em>β’,</em></span> 
     </span>
     <span class='ocr_line' id='line_1_26' title="bbox 168 1527 972 1572; baseline -0.001 -9"><span class='ocrx_word' id='word_1_161' title='bbox 168 1529 248 1563; x_wconf 88' lang='grc'>805.</span> <span class='ocrx_word' id='word_1_162' title='bbox 279 1528 380 1561; x_wconf 80' lang='lat' dir='ltr'><strong>simili</strong></span> <span class='ocrx_word' id='word_1_163' title='bbox 402 1533 515 1561; x_wconf 84' lang='lat' dir='ltr'><strong>tamen</strong></span> <span class='ocrx_word' id='word_1_164' title='bbox 539 1529 637 1562; x_wconf 90' lang='lat' dir='ltr'><strong>modo</strong></span> <span class='ocrx_word' id='word_1_165' title='bbox 661 1528 823 1562; x_wconf 79' lang='lat' dir='ltr'><strong>dixerunt</strong></span> <span class='ocrx_word' id='word_1_166' title='bbox 847 1527 972 1572; x_wconf 75' lang='grc' dir='ltr'><em>ἄρχειν</em></span> 
     </span>
     <span class='ocr_line' id='line_1_27' title="bbox 167 1572 970 1618; baseline 0.001 -11"><span class='ocrx_word' id='word_1_167' title='bbox 167 1578 203 1608; x_wconf 82' lang='lat' dir='ltr'><strong>et</strong></span> <span class='ocrx_word' id='word_1_168' title='bbox 228 1572 402 1609; x_wconf 77' lang='grc' dir='ltr'><em>ἀνάσσειν</em></span> <span class='ocrx_word' id='word_1_169' title='bbox 425 1573 527 1614; x_wconf 86' lang='grc' dir='ltr'><em>τινὸς</em></span> <span class='ocrx_word' id='word_1_170' title='bbox 550 1580 586 1608; x_wconf 84' lang='lat' dir='ltr'><strong>et</strong></span> <span class='ocrx_word' id='word_1_171' title='bbox 604 1577 688 1608; x_wconf 76' lang='grc' dir='ltr'><em>τινί.</em></span> <span class='ocrx_word' id='word_1_172' title='bbox 727 1575 778 1607; x_wconf 68' lang='lat' dir='ltr'><em>Ex</em></span> <span class='ocrx_word' id='word_1_173' title='bbox 799 1574 864 1618; x_wconf 85' lang='lat' dir='ltr'><em>H.)</em></span> <span class='ocrx_word' id='word_1_174' title='bbox 898 1587 970 1608; x_wconf 85' lang='grc' dir='ltr'><em>το-</em></span> 
     </span>
     <span class='ocr_line' id='line_1_28' title="bbox 166 1617 967 1664; baseline 0 -10"><span class='ocrx_word' id='word_1_175' title='bbox 166 1619 408 1655; x_wconf 83' lang='grc' dir='ltr'><em>λυπεύειν.</em></span> <span class='ocrx_word' id='word_1_176' title='bbox 448 1617 517 1664; x_wconf 85' lang='grc' dir='ltr'><em>(ω’,</em></span> <span class='ocrx_word' id='word_1_177' title='bbox 540 1621 593 1661; x_wconf 92' lang='grc'><em>7.,</em></span> <span class='ocrx_word' id='word_1_178' title='bbox 625 1620 758 1664; x_wconf 70' lang='grc' dir='ltr'><em>Οά)55.</em></span> <span class='ocrx_word' id='word_1_179' title='bbox 784 1619 828 1662; x_wconf 85' lang='grc' dir='ltr'><em>δ’,</em></span> <span class='ocrx_word' id='word_1_180' title='bbox 860 1619 967 1663; x_wconf 85' lang='grc'><em>490.)</em></span> 
     </span>
     <span class='ocr_line' id='line_1_29' title="bbox 165 1664 971 1723; baseline -0.001 -22"><span class='ocrx_word' id='word_1_181' title='bbox 165 1664 455 1723; x_wconf 78' lang='grc' dir='ltr'><em>κατεργάζεσθαι</em></span> <span class='ocrx_word' id='word_1_182' title='bbox 472 1692 482 1710; x_wconf 93' lang='grc'><em>,</em></span> <span class='ocrx_word' id='word_1_183' title='bbox 529 1667 815 1721; x_wconf 74' lang='grc' dir='ltr'><em>μεταφορικῶς·</em></span> <span class='ocrx_word' id='word_1_184' title='bbox 864 1667 971 1707; x_wconf 84' lang='grc' dir='ltr'><em>ἰδίως</em></span> 
     </span>
     <span class='ocr_line' id='line_1_30' title="bbox 164 1711 969 1770; baseline -0.001 -23"><span class='ocrx_word' id='word_1_185' title='bbox 164 1711 235 1758; x_wconf 75' lang='grc' dir='ltr'><em>γὰρ</em></span> <span class='ocrx_word' id='word_1_186' title='bbox 259 1712 407 1770; x_wconf 82' lang='grc' dir='ltr'><em>τολύπη</em></span> <span class='ocrx_word' id='word_1_187' title='bbox 437 1714 601 1747; x_wconf 77' lang='grc' dir='ltr'><em>καλεῖται</em></span> <span class='ocrx_word' id='word_1_188' title='bbox 632 1712 676 1747; x_wconf 86' lang='grc' dir='ltr'><strong><em>τό</em></strong></span> <span class='ocrx_word' id='word_1_189' title='bbox 690 1712 969 1767; x_wconf 81' lang='grc' dir='ltr'><em>κατειργασμέ-</em></span> 
     </span>
     <span class='ocr_line' id='line_1_31' title="bbox 165 1755 971 1803; baseline 0.001 -11"><span class='ocrx_word' id='word_1_190' title='bbox 165 1771 232 1794; x_wconf 91' lang='grc' dir='ltr'><em>νον</em></span> <span class='ocrx_word' id='word_1_191' title='bbox 256 1757 366 1802; x_wconf 85' lang='grc' dir='ltr'><em>ε’ριον.</em></span> <span class='ocrx_word' id='word_1_192' title='bbox 405 1757 565 1802; x_wconf 74' lang='grc' dir='ltr'><em>(τολύπη</em></span> <span class='ocrx_word' id='word_1_193' title='bbox 585 1771 655 1803; x_wconf 83' lang='grc' dir='ltr'><em>γαρ</em></span> <span class='ocrx_word' id='word_1_194' title='bbox 679 1755 702 1802; x_wconf 87' lang='grc' dir='ltr'>ἡ</span> <span class='ocrx_word' id='word_1_195' title='bbox 728 1762 872 1802; x_wconf 83' lang='grc' dir='ltr'><em>σφαῖρα</em></span> <span class='ocrx_word' id='word_1_196' title='bbox 896 1760 971 1793; x_wconf 79' lang='grc' dir='ltr'><em>τῶν</em></span> 
     </span>
     <span class='ocr_line' id='line_1_32' title="bbox 165 1803 970 1849; baseline -0.003 -9"><span class='ocrx_word' id='word_1_197' title='bbox 165 1803 286 1847; x_wconf 73' lang='grc' dir='ltr'><em>ἐρίων,</em></span> <span class='ocrx_word' id='word_1_198' title='bbox 305 1804 542 1849; x_wconf 78' lang='lat' dir='ltr'><strong>inquitSchol.</strong></span> <span class='ocrx_word' id='word_1_199' title='bbox 553 1806 592 1838; x_wconf 89' lang='lat' dir='ltr'><em>A.</em></span> <span class='ocrx_word' id='word_1_200' title='bbox 618 1805 682 1838; x_wconf 83' lang='lat' dir='ltr'><em>das</em></span> <span class='ocrx_word' id='word_1_201' title='bbox 698 1805 834 1838; x_wconf 69' lang='lat' dir='ltr'><strong>Knaazel</strong></span> <span class='ocrx_word' id='word_1_202' title='bbox 848 1806 889 1838; x_wconf 74' lang='lat' dir='ltr'><em>li</em></span> <span class='ocrx_word' id='word_1_203' title='bbox 885 1806 970 1838; x_wconf 83' lang='lat' dir='ltr'><strong>olle.</strong></span> 
     </span>
     <span class='ocr_line' id='line_1_33' title="bbox 164 1849 970 1885; baseline 0 0"><span class='ocrx_word' id='word_1_204' title='bbox 164 1851 321 1885; x_wconf 83' lang='lat' dir='ltr'><strong>similiter</strong></span> <span class='ocrx_word' id='word_1_205' title='bbox 345 1851 511 1884; x_wconf 76' lang='lat' dir='ltr'>Germani</span> <span class='ocrx_word' id='word_1_206' title='bbox 535 1849 652 1884; x_wconf 87' lang='lat' dir='ltr'><strong>dicunt</strong></span> <span class='ocrx_word' id='word_1_207' title='bbox 684 1851 721 1884; x_wconf 87' lang='lat' dir='ltr'><em>z&#39;n</em></span> <span class='ocrx_word' id='word_1_208' title='bbox 744 1856 822 1884; x_wconf 75' lang='grc' dir='ltr'><em>ειιιυ</em></span> <span class='ocrx_word' id='word_1_209' title='bbox 812 1863 850 1883; x_wconf 77' lang='lat' dir='ltr'><em>ns</em></span> <span class='ocrx_word' id='word_1_210' title='bbox 872 1852 970 1885; x_wconf 77' lang='lat' dir='ltr'><strong>leben</strong></span> 
     </span>
     <span class='ocr_line' id='line_1_34' title="bbox 163 1896 970 1940; baseline -0.001 -9"><span class='ocrx_word' id='word_1_211' title='bbox 163 1898 235 1931; x_wconf 78' lang='lat' dir='ltr'><em>und</em></span> <span class='ocrx_word' id='word_1_212' title='bbox 252 1898 379 1930; x_wconf 71' lang='lat' dir='ltr'><strong>waben.</strong></span> <span class='ocrx_word' id='word_1_213' title='bbox 424 1896 600 1937; x_wconf 71' lang='lat' dir='ltr'><strong>„occurrit</strong></span> <span class='ocrx_word' id='word_1_214' title='bbox 618 1907 683 1930; x_wconf 86' lang='lat' dir='ltr'><em>vox</em></span> <span class='ocrx_word' id='word_1_215' title='bbox 702 1896 803 1930; x_wconf 74' lang='lat' dir='ltr'><strong>etiam</strong></span> <span class='ocrx_word' id='word_1_216' title='bbox 823 1909 878 1940; x_wconf 75' lang='lat' dir='ltr'><strong>ap.</strong></span> <span class='ocrx_word' id='word_1_217' title='bbox 896 1897 970 1930; x_wconf 87' lang='lat' dir='ltr'><em>Eu-</em></span> 
     </span>
     <span class='ocr_line' id='line_1_35' title="bbox 164 1942 970 1988; baseline 0.001 -12"><span class='ocrx_word' id='word_1_218' title='bbox 164 1943 308 1988; x_wconf 85' lang='lat' dir='ltr'><strong>ripidem</strong></span> <span class='ocrx_word' id='word_1_219' title='bbox 338 1946 374 1976; x_wconf 84' lang='lat' dir='ltr'><strong>et</strong></span> <span class='ocrx_word' id='word_1_220' title='bbox 401 1942 670 1986; x_wconf 79' lang='lat' dir='ltr'><strong>Aristophanem.</strong></span> <span class='ocrx_word' id='word_1_221' title='bbox 727 1942 846 1975; x_wconf 71' lang='lat' dir='ltr'><strong>laudat</strong></span> <span class='ocrx_word' id='word_1_222' title='bbox 879 1943 970 1977; x_wconf 84' lang='lat' dir='ltr'><strong>hunc</strong></span> 
     </span>
     <span class='ocr_line' id='line_1_36' title="bbox 164 1988 967 2023; baseline 0 -1"><span class='ocrx_word' id='word_1_223' title='bbox 164 2000 298 2022; x_wconf 87' lang='lat' dir='ltr'><strong>versum</strong></span> <span class='ocrx_word' id='word_1_224' title='bbox 319 1993 357 2023; x_wconf 71' lang='lat' dir='ltr'><strong>et</strong></span> <span class='ocrx_word' id='word_1_225' title='bbox 380 1988 424 2021; x_wconf 89' lang='lat' dir='ltr'><em>ad</em></span> <span class='ocrx_word' id='word_1_226' title='bbox 434 1988 605 2021; x_wconf 85' lang='lat' dir='ltr'><strong>Romanus</strong></span> <span class='ocrx_word' id='word_1_227' title='bbox 627 1990 858 2022; x_wconf 70' lang='lat' dir='ltr'><strong>accommodat</strong></span> <span class='ocrx_word' id='word_1_228' title='bbox 876 1989 967 2023; x_wconf 83' lang='lat' dir='ltr'><strong>Plut.</strong></span> 
     </span>
     <span class='ocr_line' id='line_1_37' title="bbox 164 2031 968 2078; baseline 0.001 -9"><span class='ocrx_word' id='word_1_229' title='bbox 164 2035 329 2069; x_wconf 83' lang='lat' dir='ltr'><strong>Marcello</strong></span> <span class='ocrx_word' id='word_1_230' title='bbox 348 2034 456 2077; x_wconf 87' lang='lat' dir='ltr'><strong>princ.</strong></span> <span class='ocrx_word' id='word_1_231' title='bbox 478 2045 509 2078; x_wconf 90' lang='lat' dir='ltr'><em>p.</em></span> <span class='ocrx_word' id='word_1_232' title='bbox 525 2032 633 2068; x_wconf 82' lang='grc'><em>242.“</em></span> <span class='ocrx_word' id='word_1_233' title='bbox 662 2035 712 2066; x_wconf 71' lang='lat' dir='ltr'><strong>Es.-</strong></span> <span class='ocrx_word' id='word_1_234' title='bbox 725 2035 792 2077; x_wconf 85' lang='grc' dir='ltr'><em>ΙΙ)</em></span> <span class='ocrx_word' id='word_1_235' title='bbox 819 2031 968 2078; x_wconf 79' lang='grc' dir='ltr'><em>φθιό-</em></span> 
     </span>
     <span class='ocr_line' id='line_1_38' title="bbox 164 2079 968 2160; baseline 0 -45"><span class='ocrx_word' id='word_1_236' title='bbox 164 2082 298 2123; x_wconf 76' lang='grc' dir='ltr'><em>μεθα.</em></span> <span class='ocrx_word' id='word_1_237' title='bbox 332 2079 477 2122; x_wconf 82' lang='lat' dir='ltr'><strong>(dictum</strong></span> <span class='ocrx_word' id='word_1_238' title='bbox 501 2091 563 2123; x_wconf 88' lang='lat' dir='ltr'><em>pro</em></span> <span class='ocrx_word' id='word_1_239' title='bbox 589 2079 830 2123; x_wconf 77' lang='grc' dir='ltr'><em>φθιώμεθα.)</em></span> <span class='ocrx_word' id='word_1_240' title='bbox 865 2083 968 2160; x_wconf 52' lang='grc' dir='ltr'><em>φθαῖ-</em></span> 
     </span>
     <span class='ocr_line' id='line_1_39' title="bbox 164 2123 967 2170; baseline 0 -10"><span class='ocrx_word' id='word_1_241' title='bbox 164 2128 304 2170; x_wconf 79' lang='grc' dir='ltr'><em>ραῖμεν,</em></span> <span class='ocrx_word' id='word_1_242' title='bbox 339 2123 584 2168; x_wconf 78' lang='grc' dir='ltr'><em>ἀπολούμεθα</em></span> <span class='ocrx_word' id='word_1_243' title='bbox 608 2123 889 2170; x_wconf 64' lang='grc' dir='ltr'><em>(ἀπολώμεθα).</em></span> <span class='ocrx_word' id='word_1_244' title='bbox 924 2127 967 2160; x_wconf 84' lang='lat' dir='ltr'><strong>cf.</strong></span> 
     </span>
    </p>

    <p class='ocr_par' dir='ltr' id='par_1_10' title="bbox 163 2170 567 2213">
     <span class='ocr_line' id='line_1_40' title="bbox 163 2170 567 2213; baseline -0.01 -5"><span class='ocrx_word' id='word_1_245' title='bbox 163 2171 216 2213; x_wconf 75' lang='grc' dir='ltr'><em>θ’,</em></span> <span class='ocrx_word' id='word_1_246' title='bbox 240 2174 328 2211; x_wconf 86' lang='grc'><em>359,</em></span> <span class='ocrx_word' id='word_1_247' title='bbox 354 2170 389 2212; x_wconf 86' lang='grc' dir='ltr'><em>ι’,</em></span> <span class='ocrx_word' id='word_1_248' title='bbox 411 2171 481 2206; x_wconf 88' lang='grc'><em>246</em></span> <span class='ocrx_word' id='word_1_249' title='bbox 501 2175 567 2204; x_wconf 82' lang='lat' dir='ltr'><strong>etc.</strong></span> 
     </span>
    </p>

    <p class='ocr_par' dir='ltr' id='par_1_11' title="bbox 161 2213 967 2630">
     <span class='ocr_line' id='line_1_41' title="bbox 209 2213 964 2261; baseline -0.003 -8"><span class='ocrx_word' id='word_1_250' title='bbox 209 2220 306 2253; x_wconf 84' lang='grc'><em>88·-</em></span> <span class='ocrx_word' id='word_1_251' title='bbox 315 2218 371 2252; x_wconf 83' lang='grc'><em>91.</em></span> <span class='ocrx_word' id='word_1_252' title='bbox 402 2213 523 2251; x_wconf 78' lang='grc' dir='ltr'><em>οὕτω</em></span> <span class='ocrx_word' id='word_1_253' title='bbox 549 2215 623 2261; x_wconf 79' lang='grc' dir='ltr'><em>δὴ,</em></span> <span class='ocrx_word' id='word_1_254' title='bbox 654 2217 778 2251; x_wconf 82' lang='lat' dir='ltr'><strong><em>siccine</em></strong></span> <span class='ocrx_word' id='word_1_255' title='bbox 795 2229 885 2252; x_wconf 87' lang='lat' dir='ltr'><strong>vero.</strong></span> <span class='ocrx_word' id='word_1_256' title='bbox 911 2217 964 2251; x_wconf 92' lang='lat' dir='ltr'><strong>Cl.</strong></span> 
     </span>
     <span class='ocr_line' id='line_1_42' title="bbox 163 2261 966 2307; baseline -0.001 -9"><span class='ocrx_word' id='word_1_257' title='bbox 163 2283 205 2290; x_wconf 91' lang='lat'><em>—-</em></span> <span class='ocrx_word' id='word_1_258' title='bbox 231 2263 450 2307; x_wconf 81' lang='grc' dir='ltr'><em>μέμονας.</em></span> <span class='ocrx_word' id='word_1_259' title='bbox 484 2261 523 2305; x_wconf 86' lang='grc' dir='ltr'><em>ε’,</em></span> <span class='ocrx_word' id='word_1_260' title='bbox 556 2265 643 2304; x_wconf 69' lang='grc'><em>482,</em></span> <span class='ocrx_word' id='word_1_261' title='bbox 675 2261 721 2307; x_wconf 85' lang='grc' dir='ltr'><em>η’,</em></span> <span class='ocrx_word' id='word_1_262' title='bbox 755 2264 800 2299; x_wconf 87' lang='grc'><em>36</em></span> <span class='ocrx_word' id='word_1_263' title='bbox 821 2271 886 2300; x_wconf 82' lang='lat' dir='ltr'><strong>etc.</strong></span> <span class='ocrx_word' id='word_1_264' title='bbox 922 2281 966 2289; x_wconf 93' lang='lat'><em>—-</em></span> 
     </span>
     <span class='ocr_line' id='line_1_43' title="bbox 162 2306 967 2352; baseline 0.002 -9"><span class='ocrx_word' id='word_1_265' title='bbox 162 2310 264 2343; x_wconf 85' lang='lat' dir='ltr'><strong>Sch..</strong></span> <span class='ocrx_word' id='word_1_266' title='bbox 293 2310 582 2352; x_wconf 83' lang='grc' dir='ltr'><em>καλλείψειν,</em></span> <span class='ocrx_word' id='word_1_267' title='bbox 613 2310 859 2352; x_wconf 79' lang='grc' dir='ltr'><em>καταλείψειν.</em></span> <span class='ocrx_word' id='word_1_268' title='bbox 897 2306 967 2345; x_wconf 83' lang='grc' dir='ltr'><em>ὀϊ-</em></span> 
     </span>
     <span class='ocr_line' id='line_1_44' title="bbox 162 2353 966 2399; baseline 0 -9"><span class='ocrx_word' id='word_1_269' title='bbox 162 2354 349 2398; x_wconf 81' lang='grc' dir='ltr'><em>ζύομεν.</em></span> <span class='ocrx_word' id='word_1_270' title='bbox 383 2355 444 2399; x_wconf 82' lang='grc' dir='ltr'><em>(γ,</em></span> <span class='ocrx_word' id='word_1_271' title='bbox 463 2357 553 2396; x_wconf 86' lang='grc'><em>408,</em></span> <span class='ocrx_word' id='word_1_272' title='bbox 578 2355 708 2399; x_wconf 84' lang='lat' dir='ltr'><strong>odyss.</strong></span> <span class='ocrx_word' id='word_1_273' title='bbox 731 2353 775 2395; x_wconf 90' lang='grc' dir='ltr'><em>δ’,</em></span> <span class='ocrx_word' id='word_1_274' title='bbox 800 2357 887 2397; x_wconf 92' lang='grc'><em>152,</em></span> <span class='ocrx_word' id='word_1_275' title='bbox 912 2355 966 2399; x_wconf 83' lang='grc' dir='ltr'><em>ψ,</em></span> 
     </span>
     <span class='ocr_line' id='line_1_45' title="bbox 161 2398 966 2454; baseline -0.001 -17"><span class='ocrx_word' id='word_1_276' title='bbox 161 2403 269 2445; x_wconf 84' lang='grc'><em>307.)</em></span> <span class='ocrx_word' id='word_1_277' title='bbox 309 2402 610 2445; x_wconf 77' lang='grc' dir='ltr'><em>κακοπαθοῦμεν.</em></span> <span class='ocrx_word' id='word_1_278' title='bbox 638 2400 797 2454; x_wconf 88' lang='grc' dir='ltr'><em>(μήτις</em></span> <span class='ocrx_word' id='word_1_279' title='bbox 829 2398 865 2436; x_wconf 79' lang='grc' dir='ltr'><em>τ’</em></span> <span class='ocrx_word' id='word_1_280' title='bbox 878 2426 889 2442; x_wconf 93' lang='grc'><em>,</em></span> <span class='ocrx_word' id='word_1_281' title='bbox 929 2407 966 2436; x_wconf 83' lang='lat' dir='ltr'><em>ut</em></span> 
     </span>
     <span class='ocr_line' id='line_1_46' title="bbox 162 2444 964 2503; baseline 0 -23"><span class='ocrx_word' id='word_1_282' title='bbox 162 2448 291 2503; x_wconf 77' lang='lat' dir='ltr'><strong>Ody.ss</strong></span> <span class='ocrx_word' id='word_1_283' title='bbox 307 2446 349 2489; x_wconf 83' lang='grc' dir='ltr'><em>τ’,</em></span> <span class='ocrx_word' id='word_1_284' title='bbox 365 2446 464 2488; x_wconf 82' lang='grc'><em>486,</em></span> <span class='ocrx_word' id='word_1_285' title='bbox 489 2448 522 2481; x_wconf 91' lang='lat' dir='ltr'><strong>h.</strong></span> <span class='ocrx_word' id='word_1_286' title='bbox 545 2459 574 2483; x_wconf 92' lang='lat' dir='ltr'><em>e.</em></span> <span class='ocrx_word' id='word_1_287' title='bbox 596 2444 647 2503; x_wconf 89' lang='grc' dir='ltr'><em>μή</em></span> <span class='ocrx_word' id='word_1_288' title='bbox 667 2447 704 2482; x_wconf 81' lang='grc' dir='ltr'><em>τέ</em></span> <span class='ocrx_word' id='word_1_289' title='bbox 729 2460 794 2487; x_wconf 87' lang='grc' dir='ltr'><em>τις.</em></span> <span class='ocrx_word' id='word_1_290' title='bbox 819 2449 873 2481; x_wconf 70' lang='lat' dir='ltr'><em>Es</em></span> <span class='ocrx_word' id='word_1_291' title='bbox 897 2448 964 2492; x_wconf 89' lang='grc' dir='ltr'><em>Η.)</em></span> 
     </span>
     <span class='ocr_line' id='line_1_47' title="bbox 162 2488 964 2548; baseline 0.001 -20"><span class='ocrx_word' id='word_1_292' title='bbox 162 2490 215 2528; x_wconf 82' lang='grc' dir='ltr'><em>ὃν</em></span> <span class='ocrx_word' id='word_1_293' title='bbox 233 2513 275 2519; x_wconf 92' lang='grc'>-</span> <span class='ocrx_word' id='word_1_294' title='bbox 295 2505 472 2548; x_wconf 77' lang='grc' dir='ltr'><em>αγοιτο.</em></span> <span class='ocrx_word' id='word_1_295' title='bbox 520 2488 565 2528; x_wconf 79' lang='grc' dir='ltr'><em>ὃν</em></span> <span class='ocrx_word' id='word_1_296' title='bbox 584 2491 653 2527; x_wconf 75' lang='grc' dir='ltr'><em>οὐκ</em></span> <span class='ocrx_word' id='word_1_297' title='bbox 672 2489 720 2528; x_wconf 68' lang='grc' dir='ltr'><em>ἄν</em></span> <span class='ocrx_word' id='word_1_298' title='bbox 742 2494 840 2528; x_wconf 76' lang='grc' dir='ltr'><em>εἴποι</em></span> <span class='ocrx_word' id='word_1_299' title='bbox 862 2505 964 2529; x_wconf 87' lang='grc' dir='ltr'><em>συνε-</em></span> 
     </span>
     <span class='ocr_line' id='line_1_48' title="bbox 161 2537 964 2598; baseline 0.001 -24"><span class='ocrx_word' id='word_1_300' title='bbox 161 2540 228 2581; x_wconf 84' lang='grc' dir='ltr'><em>τὸς</em></span> <span class='ocrx_word' id='word_1_301' title='bbox 260 2553 292 2575; x_wconf 84' lang='grc' dir='ltr'><em>κ.</em></span> <span class='ocrx_word' id='word_1_302' title='bbox 326 2552 489 2598; x_wconf 66' lang='grc' dir='ltr'><em>σωφρμιν</em></span> <span class='ocrx_word' id='word_1_303' title='bbox 525 2537 629 2583; x_wconf 77' lang='grc' dir='ltr'><em>ἀνήρ.</em></span> <span class='ocrx_word' id='word_1_304' title='bbox 693 2537 780 2574; x_wconf 81' lang='grc' dir='ltr'><em>ἆνα</em></span> <span class='ocrx_word' id='word_1_305' title='bbox 813 2538 964 2584; x_wconf 86' lang='grc' dir='ltr'><em>στόμα</em></span> 
     </span>
     <span class='ocr_line' id='line_1_49' title="bbox 162 2585 837 2630; baseline 0.002 -11"><span class='ocrx_word' id='word_1_306' title='bbox 162 2586 246 2630; x_wconf 83' lang='grc' dir='ltr'><em>(5ἰο)</em></span> <span class='ocrx_word' id='word_1_307' title='bbox 270 2585 339 2630; x_wconf 67' lang='grc' dir='ltr'><em>γάρ</em></span> <span class='ocrx_word' id='word_1_308' title='bbox 362 2587 444 2620; x_wconf 84' lang='grc' dir='ltr'><em>αντὶ</em></span> <span class='ocrx_word' id='word_1_309' title='bbox 469 2587 537 2620; x_wconf 85' lang='grc' dir='ltr'><em>τοῦ</em></span> <span class='ocrx_word' id='word_1_310' title='bbox 562 2585 625 2619; x_wconf 80' lang='grc' dir='ltr'><em>διοὶ</em></span> <span class='ocrx_word' id='word_1_311' title='bbox 649 2585 837 2628; x_wconf 85' lang='grc' dir='ltr'><em>στόματος.</em></span> 
     </span>
    </p>

    <p class='ocr_par' dir='ltr' id='par_1_12' title="bbox 158 2626 965 3090">
     <span class='ocr_line' id='line_1_50' title="bbox 207 2626 965 2677; baseline -0.003 -10"><span class='ocrx_word' id='word_1_312' title='bbox 207 2634 264 2667; x_wconf 82' lang='grc'><em>92.</em></span> <span class='ocrx_word' id='word_1_313' title='bbox 289 2631 546 2667; x_wconf 79' lang='grc' dir='ltr'><em>ἐπίσταιτὸ</em></span> <span class='ocrx_word' id='word_1_314' title='bbox 569 2626 654 2677; x_wconf 84' lang='grc' dir='ltr'><em>ᾑσι.</em></span> <span class='ocrx_word' id='word_1_315' title='bbox 690 2640 830 2666; x_wconf 87' lang='lat' dir='ltr'><strong>metrum</strong></span> <span class='ocrx_word' id='word_1_316' title='bbox 852 2632 965 2666; x_wconf 85' lang='lat' dir='ltr'><strong>duris-</strong></span> 
     </span>
     <span class='ocr_line' id='line_1_51' title="bbox 160 2676 963 2722; baseline 0.002 -12"><span class='ocrx_word' id='word_1_317' title='bbox 160 2677 289 2712; x_wconf 84' lang='lat' dir='ltr'><strong>simum.</strong></span> <span class='ocrx_word' id='word_1_318' title='bbox 337 2684 453 2719; x_wconf 83' lang='lat' dir='ltr'><strong>recte,</strong></span> <span class='ocrx_word' id='word_1_319' title='bbox 478 2678 620 2722; x_wconf 83' lang='lat' dir='ltr'>opinor,</span> <span class='ocrx_word' id='word_1_320' title='bbox 654 2678 848 2722; x_wconf 82' lang='lat' dir='ltr'><strong>Bentlejus:</strong></span> <span class='ocrx_word' id='word_1_321' title='bbox 884 2676 963 2712; x_wconf 83' lang='grc' dir='ltr'><em>ἐπί-</em></span> 
     </span>
     <span class='ocr_line' id='line_1_52' title="bbox 161 2723 963 2780; baseline 0 -23"><span class='ocrx_word' id='word_1_322' title='bbox 161 2735 311 2780; x_wconf 85' lang='grc' dir='ltr'><em>στηται,</em></span> <span class='ocrx_word' id='word_1_323' title='bbox 347 2726 439 2768; x_wconf 87' lang='lat' dir='ltr'><strong>quod</strong></span> <span class='ocrx_word' id='word_1_324' title='bbox 472 2724 595 2768; x_wconf 82' lang='lat' dir='ltr'><strong>legisse</strong></span> <span class='ocrx_word' id='word_1_325' title='bbox 631 2723 769 2758; x_wconf 81' lang='lat' dir='ltr'><strong>videtur</strong></span> <span class='ocrx_word' id='word_1_326' title='bbox 804 2724 856 2763; x_wconf 82' lang='lat' dir='ltr'>E,</span> <span class='ocrx_word' id='word_1_327' title='bbox 898 2736 963 2757; x_wconf 89' lang='lat' dir='ltr'><em>non</em></span> 
     </span>
     <span class='ocr_line' id='line_1_53' title="bbox 161 2768 963 2814; baseline 0 -10"><span class='ocrx_word' id='word_1_328' title='bbox 161 2782 319 2814; x_wconf 85' lang='grc' dir='ltr'><em>αμετρον</em></span> <span class='ocrx_word' id='word_1_329' title='bbox 349 2770 440 2803; x_wconf 84' lang='lat' dir='ltr'><strong>istud</strong></span> <span class='ocrx_word' id='word_1_330' title='bbox 472 2768 683 2810; x_wconf 79' lang='grc' dir='ltr'><em>ἐπίσταται,</em></span> <span class='ocrx_word' id='word_1_331' title='bbox 720 2770 810 2813; x_wconf 85' lang='lat' dir='ltr'><strong>quod</strong></span> <span class='ocrx_word' id='word_1_332' title='bbox 835 2769 963 2804; x_wconf 76' lang='lat' dir='ltr'><strong>habent</strong></span> 
     </span>
     <span class='ocr_line' id='line_1_54' title="bbox 160 2815 960 2860; baseline 0 -12"><span class='ocrx_word' id='word_1_333' title='bbox 160 2816 247 2850; x_wconf 80' lang='lat' dir='ltr'><strong>libri.</strong></span> <span class='ocrx_word' id='word_1_334' title='bbox 297 2830 321 2850; x_wconf 88' lang='grc' dir='ltr'><em>α</em></span> <span class='ocrx_word' id='word_1_335' title='bbox 351 2822 387 2850; x_wconf 85' lang='lat' dir='ltr'><strong>et</strong></span> <span class='ocrx_word' id='word_1_336' title='bbox 420 2829 443 2860; x_wconf 92' lang='grc' dir='ltr'><em>η</em></span> <span class='ocrx_word' id='word_1_337' title='bbox 473 2816 610 2849; x_wconf 72' lang='lat' dir='ltr'><strong>litteras</strong></span> <span class='ocrx_word' id='word_1_338' title='bbox 643 2815 864 2860; x_wconf 80' lang='lat' dir='ltr'>permisceri,</span> <span class='ocrx_word' id='word_1_339' title='bbox 896 2826 960 2848; x_wconf 88' lang='lat' dir='ltr'><em>non</em></span> 
     </span>
     <span class='ocr_line' id='line_1_55' title="bbox 160 2860 961 2906; baseline 0.001 -13"><span class='ocrx_word' id='word_1_340' title='bbox 160 2867 214 2895; x_wconf 78' lang='lat' dir='ltr'><strong>est</strong></span> <span class='ocrx_word' id='word_1_341' title='bbox 246 2873 385 2896; x_wconf 80' lang='lat' dir='ltr'><strong>novtum</strong></span> <span class='ocrx_word' id='word_1_342' title='bbox 426 2873 458 2895; x_wconf 85' lang='lat' dir='ltr'><strong>v.</strong></span> <span class='ocrx_word' id='word_1_343' title='bbox 484 2873 562 2896; x_wconf 82' lang='lat' dir='ltr'><strong>ann.</strong></span> <span class='ocrx_word' id='word_1_344' title='bbox 588 2860 630 2894; x_wconf 89' lang='lat' dir='ltr'><em>ad</em></span> <span class='ocrx_word' id='word_1_345' title='bbox 656 2861 814 2906; x_wconf 84' lang='lat' dir='ltr'><strong>Aeschyl.</strong></span> <span class='ocrx_word' id='word_1_346' title='bbox 836 2861 961 2906; x_wconf 89' lang='lat' dir='ltr'><strong>Suppl.</strong></span> 
     </span>
     <span class='ocr_line' id='line_1_56' title="bbox 160 2904 961 2953; baseline 0.001 -13"><span class='ocrx_word' id='word_1_347' title='bbox 160 2906 239 2941; x_wconf 85' lang='lat'>414.</span> <span class='ocrx_word' id='word_1_348' title='bbox 278 2920 341 2941; x_wconf 91' lang='lat' dir='ltr'><strong>nec</strong></span> <span class='ocrx_word' id='word_1_349' title='bbox 375 2919 436 2953; x_wconf 86' lang='lat' dir='ltr'><strong>per</strong></span> <span class='ocrx_word' id='word_1_350' title='bbox 460 2918 498 2940; x_wconf 87' lang='lat' dir='ltr'><strong>se</strong></span> <span class='ocrx_word' id='word_1_351' title='bbox 522 2906 674 2940; x_wconf 81' lang='lat' dir='ltr'><strong>deterius</strong></span> <span class='ocrx_word' id='word_1_352' title='bbox 697 2907 789 2941; x_wconf 85' lang='lat' dir='ltr'><strong>foret</strong></span> <span class='ocrx_word' id='word_1_353' title='bbox 811 2904 961 2942; x_wconf 77' lang='grc' dir='ltr'><em>ἐπιστά-</em></span> 
     </span>
     <span class='ocr_line' id='line_1_57' title="bbox 159 2952 961 2998; baseline 0.001 -12"><span class='ocrx_word' id='word_1_354' title='bbox 159 2965 288 2994; x_wconf 85' lang='grc' dir='ltr'><em>μενος,</em></span> <span class='ocrx_word' id='word_1_355' title='bbox 325 2965 393 2997; x_wconf 86' lang='lat' dir='ltr'><em>quo</em></span> <span class='ocrx_word' id='word_1_356' title='bbox 427 2952 549 2987; x_wconf 80' lang='lat' dir='ltr'><strong>referri</strong></span> <span class='ocrx_word' id='word_1_357' title='bbox 575 2957 693 2998; x_wconf 84' lang='lat' dir='ltr'><strong>posset</strong></span> <span class='ocrx_word' id='word_1_358' title='bbox 716 2953 772 2997; x_wconf 84' lang='grc' dir='ltr'><em>εἰη</em></span> <span class='ocrx_word' id='word_1_359' title='bbox 795 2959 961 2997; x_wconf 85' lang='lat' dir='ltr'><strong>sequente</strong></span> 
     </span>
     <span class='ocr_line' id='line_1_58' title="bbox 160 2998 959 3042; baseline 0.004 -13"><span class='ocrx_word' id='word_1_360' title='bbox 160 3009 281 3039; x_wconf 81' lang='lat' dir='ltr'><strong>versu,</strong></span> <span class='ocrx_word' id='word_1_361' title='bbox 312 3000 373 3032; x_wconf 81' lang='lat' dir='ltr'><strong>sed</strong></span> <span class='ocrx_word' id='word_1_362' title='bbox 398 2998 614 3033; x_wconf 83' lang='lat' dir='ltr'><strong>verisimilius</strong></span> <span class='ocrx_word' id='word_1_363' title='bbox 631 3003 702 3040; x_wconf 86' lang='lat' dir='ltr'><strong>est,</strong></span> <span class='ocrx_word' id='word_1_364' title='bbox 727 2998 841 3032; x_wconf 84' lang='lat' dir='ltr'><strong>nescio</strong></span> <span class='ocrx_word' id='word_1_365' title='bbox 861 3010 959 3042; x_wconf 85' lang='lat' dir='ltr'><strong>quem</strong></span> 
     </span>
     <span class='ocr_line' id='line_1_59' title="bbox 158 3044 959 3090; baseline 0.002 -13"><span class='ocrx_word' id='word_1_366' title='bbox 158 3044 375 3088; x_wconf 77' lang='lat' dir='ltr'><strong>conjunctivo</strong></span> <span class='ocrx_word' id='word_1_367' title='bbox 399 3045 487 3079; x_wconf 77' lang='lat' dir='ltr'><strong>inter</strong></span> <span class='ocrx_word' id='word_1_368' title='bbox 510 3045 685 3090; x_wconf 81' lang='lat' dir='ltr'><strong>optativos</strong></span> <span class='ocrx_word' id='word_1_369' title='bbox 702 3045 866 3079; x_wconf 79' lang='lat' dir='ltr'><strong>offensum</strong></span> <span class='ocrx_word' id='word_1_370' title='bbox 887 3049 959 3079; x_wconf 80' lang='lat' dir='ltr'><strong>tur-</strong></span> 
     </span>
    </p>
   </div>
   <div class='ocr_carea' id='block_1_9' title="bbox 1019 809 1528 866">
    <p class='ocr_par' dir='ltr' id='par_1_13' title="bbox 1019 809 1528 866">
     <span class='ocr_line' id='line_1_60' title="bbox 1019 809 1528 866; baseline -0.004 -12.967"><span class='ocrx_word' id='word_1_371' title='bbox 1019 809 1279 866; x_wconf 80' lang='grc' dir='ltr'><em>Ἀργείοισιν</em></span> <span class='ocrx_word' id='word_1_372' title='bbox 1311 809 1528 861; x_wconf 65' lang='grc' dir='ltr'><em>ἀνάσσεις.</em></span> 
     </span>
    </p>
   </div>
   <div class='ocr_carea' id='block_1_10' title="bbox 1012 1250 1859 1675">
    <p class='ocr_par' dir='ltr' id='par_1_14' title="bbox 1012 1250 1859 1525">
     <span class='ocr_line' id='line_1_61' title="bbox 1020 1250 1859 1296; baseline -0.004 -11"><span class='ocrx_word' id='word_1_373' title='bbox 1020 1252 1144 1292; x_wconf 86' lang='lat' dir='ltr'><strong>basse3</strong></span> <span class='ocrx_word' id='word_1_374' title='bbox 1169 1251 1212 1285; x_wconf 87' lang='lat' dir='ltr'><strong>de</strong></span> <span class='ocrx_word' id='word_1_375' title='bbox 1237 1252 1361 1296; x_wconf 72' lang='lat' dir='ltr'><strong>quibus</strong></span> <span class='ocrx_word' id='word_1_376' title='bbox 1384 1250 1492 1285; x_wconf 86' lang='lat' dir='ltr'><strong>modis</strong></span> <span class='ocrx_word' id='word_1_377' title='bbox 1516 1250 1716 1290; x_wconf 88' lang='lat' dir='ltr'><strong>verborum,</strong></span> <span class='ocrx_word' id='word_1_378' title='bbox 1742 1260 1822 1293; x_wconf 80' lang='lat' dir='ltr'><strong>pro·</strong></span> <span class='ocrx_word' id='word_1_379' title='bbox 1856 1254 1859 1286; x_wconf 70' lang='grc' dir='ltr'><strong>ξ</strong></span> 
     </span>
     <span class='ocr_line' id='line_1_62' title="bbox 1019 1295 1821 1341; baseline 0 -10"><span class='ocrx_word' id='word_1_380' title='bbox 1019 1298 1145 1332; x_wconf 87' lang='lat' dir='ltr'><strong>miscue</strong></span> <span class='ocrx_word' id='word_1_381' title='bbox 1163 1297 1471 1353; x_wconf 81' lang='lat' dir='ltr'><em>usurpar1sol1t1s</em></span> <span class='ocrx_word' id='word_1_382' title='bbox 1495 1309 1528 1331; x_wconf 87' lang='lat' dir='ltr'><strong>v.</strong></span> <span class='ocrx_word' id='word_1_383' title='bbox 1550 1295 1675 1330; x_wconf 81' lang='lat' dir='ltr'><strong>Matth.</strong></span> <span class='ocrx_word' id='word_1_384' title='bbox 1695 1297 1821 1337; x_wconf 79' lang='lat'><strong>§.519-</strong></span> 
     </span>
     <span class='ocr_line' id='line_1_63' title="bbox 1017 1338 1823 1401; baseline -0.004 -24"><span class='ocrx_word' id='word_1_385' title='bbox 1017 1343 1205 1401; x_wconf 85' lang='lat' dir='ltr'><strong>adscripsit</strong></span> <span class='ocrx_word' id='word_1_386' title='bbox 1225 1343 1336 1376; x_wconf 80' lang='lat' dir='ltr'><strong>Bentl.</strong></span> <span class='ocrx_word' id='word_1_387' title='bbox 1362 1341 1411 1384; x_wconf 86' lang='grc' dir='ltr'><em>π’,</em></span> <span class='ocrx_word' id='word_1_388' title='bbox 1438 1343 1517 1377; x_wconf 89' lang='grc'><em>243.</em></span> <span class='ocrx_word' id='word_1_389' title='bbox 1550 1340 1593 1383; x_wconf 86' lang='grc' dir='ltr'><em>τ’,</em></span> <span class='ocrx_word' id='word_1_390' title='bbox 1609 1344 1708 1378; x_wconf 78' lang='grc'><em>260..</em></span> <span class='ocrx_word' id='word_1_391' title='bbox 1745 1338 1823 1382; x_wconf 85' lang='grc' dir='ltr'><em>ὅτις</em></span> 
     </span>
     <span class='ocr_line' id='line_1_64' title="bbox 1015 1386 1822 1444; baseline -0.001 -20"><span class='ocrx_word' id='word_1_392' title='bbox 1015 1387 1052 1424; x_wconf 84' lang='grc' dir='ltr'><em>κ’</em></span> <span class='ocrx_word' id='word_1_393' title='bbox 1079 1388 1254 1431; x_wconf 80' lang='grc' dir='ltr'><em>ἐπιορκον</em></span> <span class='ocrx_word' id='word_1_394' title='bbox 1280 1386 1419 1444; x_wconf 81' lang='grc' dir='ltr'><em>ὀμόσσῃ</em></span> <span class='ocrx_word' id='word_1_395' title='bbox 1445 1396 1512 1423; x_wconf 86' lang='lat' dir='ltr'><strong>etc.</strong></span> <span class='ocrx_word' id='word_1_396' title='bbox 1529 1408 1572 1413; x_wconf 93' lang='lat'><strong>—</strong></span> <span class='ocrx_word' id='word_1_397' title='bbox 1600 1401 1742 1430; x_wconf 87' lang='grc' dir='ltr'><em>αρτια</em></span> <span class='ocrx_word' id='word_1_398' title='bbox 1762 1387 1822 1432; x_wconf 89' lang='grc' dir='ltr'><em>(ε’,</em></span> 
     </span>
     <span class='ocr_line' id='line_1_65' title="bbox 1013 1432 1822 1482; baseline 0 -12"><span class='ocrx_word' id='word_1_399' title='bbox 1013 1437 1119 1480; x_wconf 84' lang='grc'><em>326.)</em></span> <span class='ocrx_word' id='word_1_400' title='bbox 1160 1433 1336 1480; x_wconf 73' lang='grc' dir='ltr'><em>βάζειν.</em></span> <span class='ocrx_word' id='word_1_401' title='bbox 1383 1434 1465 1481; x_wconf 86' lang='grc' dir='ltr'><em>υγιῆ</em></span> <span class='ocrx_word' id='word_1_402' title='bbox 1497 1448 1529 1470; x_wconf 86' lang='grc' dir='ltr'><em>κ.</em></span> <span class='ocrx_word' id='word_1_403' title='bbox 1561 1432 1722 1479; x_wconf 86' lang='grc' dir='ltr'><em>αρμόδια</em></span> <span class='ocrx_word' id='word_1_404' title='bbox 1755 1434 1822 1482; x_wconf 79' lang='grc' dir='ltr'><em>βοὶ-</em></span> 
     </span>
     <span class='ocr_line' id='line_1_66' title="bbox 1012 1482 1202 1525; baseline -0.017 -8"><span class='ocrx_word' id='word_1_405' title='bbox 1012 1484 1095 1525; x_wconf 83' lang='grc' dir='ltr'><em>ζειν.</em></span> <span class='ocrx_word' id='word_1_406' title='bbox 1120 1482 1202 1515; x_wconf 90' lang='lat' dir='ltr'><strong>Sch.</strong></span> 
     </span>
    </p>

    <p class='ocr_par' dir='ltr' id='par_1_15' title="bbox 1013 1535 1820 1675">
     <span class='ocr_line' id='line_1_67' title="bbox 1063 1535 1820 1596; baseline -0.003 -24"><span class='ocrx_word' id='word_1_407' title='bbox 1063 1539 1131 1578; x_wconf 83' lang='lat'><em>93,</em></span> <span class='ocrx_word' id='word_1_408' title='bbox 1156 1537 1189 1573; x_wconf 85' lang='lat'><em>4.</em></span> <span class='ocrx_word' id='word_1_409' title='bbox 1219 1549 1268 1573; x_wconf 86' lang='grc' dir='ltr'><em>σκ</em></span> <span class='ocrx_word' id='word_1_410' title='bbox 1280 1538 1534 1596; x_wconf 62' lang='grc' dir='ltr'><em>ηπτοῦχξις.</em></span> <span class='ocrx_word' id='word_1_411' title='bbox 1569 1535 1616 1580; x_wconf 84' lang='grc' dir='ltr'><em>α’,</em></span> <span class='ocrx_word' id='word_1_412' title='bbox 1640 1539 1728 1580; x_wconf 84' lang='grc'><em>279,</em></span> <span class='ocrx_word' id='word_1_413' title='bbox 1751 1537 1820 1572; x_wconf 85' lang='lat' dir='ltr'><strong>od.</strong></span> 
     </span>
     <span class='ocr_line' id='line_1_68' title="bbox 1015 1581 1820 1629; baseline 0 -11"><span class='ocrx_word' id='word_1_414' title='bbox 1015 1581 1069 1626; x_wconf 77' lang='grc' dir='ltr'><em>θ’,</em></span> <span class='ocrx_word' id='word_1_415' title='bbox 1093 1584 1139 1619; x_wconf 86' lang='lat'><em>47</em></span> <span class='ocrx_word' id='word_1_416' title='bbox 1166 1590 1234 1620; x_wconf 88' lang='lat' dir='ltr'><strong>etc.</strong></span> <span class='ocrx_word' id='word_1_417' title='bbox 1266 1604 1307 1609; x_wconf 86' lang='lat'><em>——</em></span> <span class='ocrx_word' id='word_1_418' title='bbox 1342 1583 1443 1628; x_wconf 76' lang='grc' dir='ltr'><em>μετ’</em></span> <span class='ocrx_word' id='word_1_419' title='bbox 1473 1582 1578 1629; x_wconf 79' lang='grc' dir='ltr'><em>Ἆργ.</em></span> <span class='ocrx_word' id='word_1_420' title='bbox 1591 1611 1601 1628; x_wconf 83' lang='grc'><em>,</em></span> <span class='ocrx_word' id='word_1_421' title='bbox 1633 1585 1723 1618; x_wconf 80' lang='lat' dir='ltr'><strong>iuter</strong></span> <span class='ocrx_word' id='word_1_422' title='bbox 1751 1587 1820 1618; x_wconf 88' lang='lat' dir='ltr'><em>Ar·-</em></span> 
     </span>
     <span class='ocr_line' id='line_1_69' title="bbox 1013 1630 1126 1675; baseline 0 -12"><span class='ocrx_word' id='word_1_423' title='bbox 1013 1630 1126 1675; x_wconf 84' lang='lat' dir='ltr'><strong>givos.</strong></span> 
     </span>
    </p>
   </div>
   <div class='ocr_carea' id='block_1_11' title="bbox 1012 1686 1848 2375">
    <p class='ocr_par' dir='ltr' id='par_1_16' title="bbox 1012 1686 1848 2375">
     <span class='ocr_line' id='line_1_70' title="bbox 1061 1686 1820 1732; baseline -0.001 -10"><span class='ocrx_word' id='word_1_424' title='bbox 1061 1688 1118 1722; x_wconf 88' lang='lat'><em>95.</em></span> <span class='ocrx_word' id='word_1_425' title='bbox 1150 1698 1272 1721; x_wconf 86' lang='lat' dir='ltr'><strong>versus</strong></span> <span class='ocrx_word' id='word_1_426' title='bbox 1290 1686 1325 1721; x_wconf 81' lang='lat' dir='ltr'><strong>in</strong></span> <span class='ocrx_word' id='word_1_427' title='bbox 1350 1686 1578 1732; x_wconf 83' lang='lat' dir='ltr'><strong>suspicionem</strong></span> <span class='ocrx_word' id='word_1_428' title='bbox 1596 1687 1692 1721; x_wconf 87' lang='lat' dir='ltr'><strong>nobis</strong></span> <span class='ocrx_word' id='word_1_429' title='bbox 1709 1686 1820 1721; x_wconf 84' lang='lat' dir='ltr'><strong>addu-</strong></span> 
     </span>
     <span class='ocr_line' id='line_1_71' title="bbox 1015 1733 1820 1778; baseline -0.001 -12"><span class='ocrx_word' id='word_1_430' title='bbox 1015 1737 1092 1767; x_wconf 84' lang='lat' dir='ltr'><strong>ctus</strong></span> <span class='ocrx_word' id='word_1_431' title='bbox 1116 1733 1160 1766; x_wconf 84' lang='lat' dir='ltr'><em>ab</em></span> <span class='ocrx_word' id='word_1_432' title='bbox 1185 1733 1413 1778; x_wconf 79' lang='lat' dir='ltr'><strong>Aristophane</strong></span> <span class='ocrx_word' id='word_1_433' title='bbox 1438 1738 1474 1767; x_wconf 84' lang='lat' dir='ltr'><strong>et</strong></span> <span class='ocrx_word' id='word_1_434' title='bbox 1495 1733 1716 1775; x_wconf 84' lang='lat' dir='ltr'><strong>Aristarcho,</strong></span> <span class='ocrx_word' id='word_1_435' title='bbox 1742 1733 1820 1778; x_wconf 88' lang='lat' dir='ltr'><strong>qui-</strong></span> 
     </span>
     <span class='ocr_line' id='line_1_72' title="bbox 1014 1778 1819 1824; baseline 0 -12"><span class='ocrx_word' id='word_1_436' title='bbox 1014 1779 1078 1812; x_wconf 90' lang='lat' dir='ltr'><em>bus</em></span> <span class='ocrx_word' id='word_1_437' title='bbox 1103 1779 1281 1812; x_wconf 82' lang='lat' dir='ltr'><strong>offensioni</strong></span> <span class='ocrx_word' id='word_1_438' title='bbox 1314 1779 1378 1812; x_wconf 82' lang='lat' dir='ltr'><strong>fuit</strong></span> <span class='ocrx_word' id='word_1_439' title='bbox 1402 1779 1492 1818; x_wconf 77' lang='grc' dir='ltr'><em>νῦν,</em></span> <span class='ocrx_word' id='word_1_440' title='bbox 1525 1778 1623 1823; x_wconf 85' lang='lat' dir='ltr'><strong>quasi</strong></span> <span class='ocrx_word' id='word_1_441' title='bbox 1647 1779 1705 1824; x_wconf 88' lang='lat' dir='ltr'><strong>qui</strong></span> <span class='ocrx_word' id='word_1_442' title='bbox 1728 1790 1819 1812; x_wconf 89' lang='lat' dir='ltr'><strong>nunc</strong></span> 
     </span>
     <span class='ocr_line' id='line_1_73' title="bbox 1014 1824 1821 1869; baseline 0.001 -11"><span class='ocrx_word' id='word_1_443' title='bbox 1014 1826 1276 1868; x_wconf 80' lang='lat' dir='ltr'><strong>Agamemnonis</strong></span> <span class='ocrx_word' id='word_1_444' title='bbox 1317 1825 1443 1859; x_wconf 86' lang='lat' dir='ltr'><strong>dictum</strong></span> <span class='ocrx_word' id='word_1_445' title='bbox 1479 1825 1562 1858; x_wconf 86' lang='lat' dir='ltr'><strong>illud</strong></span> <span class='ocrx_word' id='word_1_446' title='bbox 1596 1824 1821 1869; x_wconf 80' lang='lat' dir='ltr'><strong>reprehendit</strong></span> 
     </span>
     <span class='ocr_line' id='line_1_74' title="bbox 1015 1870 1848 1915; baseline 0 -12"><span class='ocrx_word' id='word_1_447' title='bbox 1015 1870 1180 1915; x_wconf 78' lang='lat' dir='ltr'><strong>Uly‚sses</strong></span> <span class='ocrx_word' id='word_1_448' title='bbox 1213 1870 1304 1904; x_wconf 86' lang='lat' dir='ltr'><strong>idem</strong></span> <span class='ocrx_word' id='word_1_449' title='bbox 1328 1871 1394 1903; x_wconf 80' lang='lat' dir='ltr'><strong>alio</strong></span> <span class='ocrx_word' id='word_1_450' title='bbox 1419 1875 1573 1915; x_wconf 83' lang='lat' dir='ltr'><strong>tempore</strong></span> <span class='ocrx_word' id='word_1_451' title='bbox 1596 1871 1819 1915; x_wconf 85' lang='lat' dir='ltr'><strong>probaverit;</strong></span> <span class='ocrx_word' id='word_1_452' title='bbox 1844 1896 1848 1907; x_wconf 86' lang='lat'><strong>.</strong></span> 
     </span>
     <span class='ocr_line' id='line_1_75' title="bbox 1013 1895 1848 1961; baseline 0.001 -12"><span class='ocrx_word' id='word_1_453' title='bbox 1013 1927 1090 1949; x_wconf 88' lang='lat' dir='ltr'><em>cum</em></span> <span class='ocrx_word' id='word_1_454' title='bbox 1125 1928 1190 1950; x_wconf 91' lang='lat' dir='ltr'><em>non</em></span> <span class='ocrx_word' id='word_1_455' title='bbox 1224 1916 1402 1958; x_wconf 81' lang='lat' dir='ltr'><strong>viderent,</strong></span> <span class='ocrx_word' id='word_1_456' title='bbox 1435 1916 1563 1961; x_wconf 88' lang='lat' dir='ltr'><strong>opponi</strong></span> <span class='ocrx_word' id='word_1_457' title='bbox 1593 1917 1679 1950; x_wconf 84' lang='lat' dir='ltr'><strong>haec</strong></span> <span class='ocrx_word' id='word_1_458' title='bbox 1703 1895 1848 1955; x_wconf 73' lang='lat' dir='ltr'><strong>verbis!</strong></span> 
     </span>
     <span class='ocr_line' id='line_1_76' title="bbox 1014 1958 1848 2016; baseline -0.004 -19"><span class='ocrx_word' id='word_1_459' title='bbox 1014 1960 1114 2002; x_wconf 81' lang='grc' dir='ltr'><em>ὅστις</em></span> <span class='ocrx_word' id='word_1_460' title='bbox 1131 1983 1173 1986; x_wconf 89' lang='grc'><strong>-</strong></span> <span class='ocrx_word' id='word_1_461' title='bbox 1195 1960 1340 2008; x_wconf 77' lang='grc' dir='ltr'><em>βάζειν,</em></span> <span class='ocrx_word' id='word_1_462' title='bbox 1384 1962 1508 2016; x_wconf 72' lang='lat' dir='ltr'><strong>quibus</strong></span> <span class='ocrx_word' id='word_1_463' title='bbox 1542 1963 1658 1996; x_wconf 85' lang='lat' dir='ltr'><strong>verbis</strong></span> <span class='ocrx_word' id='word_1_464' title='bbox 1688 1961 1820 1997; x_wconf 86' lang='lat' dir='ltr'><strong>descri-</strong></span> <span class='ocrx_word' id='word_1_465' title='bbox 1843 1958 1848 2004; x_wconf 63' lang='lat' dir='ltr'><strong>j</strong></span> 
     </span>
     <span class='ocr_line' id='line_1_77' title="bbox 1013 2007 1846 2053; baseline 0.001 -12"><span class='ocrx_word' id='word_1_466' title='bbox 1013 2008 1106 2042; x_wconf 82' lang='lat' dir='ltr'><strong>bitur</strong></span> <span class='ocrx_word' id='word_1_467' title='bbox 1138 2008 1397 2052; x_wconf 82' lang='lat' dir='ltr'><strong>Agamemnonis</strong></span> <span class='ocrx_word' id='word_1_468' title='bbox 1425 2007 1598 2052; x_wconf 83' lang='lat' dir='ltr'><strong>ingenium</strong></span> <span class='ocrx_word' id='word_1_469' title='bbox 1627 2013 1732 2053; x_wconf 85' lang='lat' dir='ltr'><strong>atque</strong></span> <span class='ocrx_word' id='word_1_470' title='bbox 1763 2007 1818 2041; x_wconf 87' lang='lat' dir='ltr'><strong>in-</strong></span> <span class='ocrx_word' id='word_1_471' title='bbox 1842 2008 1846 2043; x_wconf 74' lang='grc' dir='ltr'>ἒ</span> 
     </span>
     <span class='ocr_line' id='line_1_78' title="bbox 1015 2049 1846 2099; baseline -0.001 -11"><span class='ocrx_word' id='word_1_472' title='bbox 1015 2054 1110 2088; x_wconf 87' lang='lat' dir='ltr'><strong>doles</strong></span> <span class='ocrx_word' id='word_1_473' title='bbox 1127 2060 1238 2088; x_wconf 84' lang='lat' dir='ltr'><strong>mente</strong></span> <span class='ocrx_word' id='word_1_474' title='bbox 1264 2066 1329 2087; x_wconf 91' lang='lat' dir='ltr'><em>non</em></span> <span class='ocrx_word' id='word_1_475' title='bbox 1349 2054 1511 2094; x_wconf 79' lang='lat' dir='ltr'><em>turbata,</em></span> <span class='ocrx_word' id='word_1_476' title='bbox 1541 2065 1629 2099; x_wconf 88' lang='lat' dir='ltr'><strong>quae</strong></span> <span class='ocrx_word' id='word_1_477' title='bbox 1648 2065 1685 2087; x_wconf 83' lang='lat' dir='ltr'><strong>se</strong></span> <span class='ocrx_word' id='word_1_478' title='bbox 1704 2053 1818 2098; x_wconf 82' lang='lat' dir='ltr'><strong>magni</strong></span> <span class='ocrx_word' id='word_1_479' title='bbox 1842 2049 1846 2092; x_wconf 75' lang='grc' dir='ltr'>ξ</span> 
     </span>
     <span class='ocr_line' id='line_1_79' title="bbox 1015 2099 1846 2145; baseline 0.002 -13"><span class='ocrx_word' id='word_1_480' title='bbox 1015 2099 1195 2133; x_wconf 81' lang='lat' dir='ltr'><strong>aestimare</strong></span> <span class='ocrx_word' id='word_1_481' title='bbox 1217 2100 1389 2145; x_wconf 78' lang='lat' dir='ltr'><strong>significat</strong></span> <span class='ocrx_word' id='word_1_482' title='bbox 1414 2100 1574 2144; x_wconf 84' lang='lat' dir='ltr'><strong>Ulysses,</strong></span> <span class='ocrx_word' id='word_1_483' title='bbox 1599 2111 1688 2134; x_wconf 80' lang='lat' dir='ltr'><em>nunc</em></span> <span class='ocrx_word' id='word_1_484' title='bbox 1704 2105 1816 2133; x_wconf 81' lang='lat' dir='ltr'><strong>autem</strong></span> <span class='ocrx_word' id='word_1_485' title='bbox 1841 2100 1846 2134; x_wconf 75' lang='lat' dir='ltr'><strong>l</strong></span> 
     </span>
     <span class='ocr_line' id='line_1_80' title="bbox 1014 2139 1843 2191; baseline 0 -13"><span class='ocrx_word' id='word_1_486' title='bbox 1014 2146 1057 2178; x_wconf 84' lang='lat' dir='ltr'><em>ab</em></span> <span class='ocrx_word' id='word_1_487' title='bbox 1082 2158 1121 2179; x_wconf 86' lang='lat' dir='ltr'><strong>eo</strong></span> <span class='ocrx_word' id='word_1_488' title='bbox 1146 2146 1239 2179; x_wconf 88' lang='lat' dir='ltr'><strong>dicta</strong></span> <span class='ocrx_word' id='word_1_489' title='bbox 1263 2156 1405 2191; x_wconf 84' lang='lat' dir='ltr'><strong>prorsus</strong></span> <span class='ocrx_word' id='word_1_490' title='bbox 1428 2145 1600 2180; x_wconf 85' lang='lat' dir='ltr'><strong>damnare.</strong></span> <span class='ocrx_word' id='word_1_491' title='bbox 1638 2164 1678 2170; x_wconf 85' lang='lat'><strong>—</strong></span> <span class='ocrx_word' id='word_1_492' title='bbox 1711 2146 1817 2180; x_wconf 92' lang='lat' dir='ltr'><strong>Sch..</strong></span> <span class='ocrx_word' id='word_1_493' title='bbox 1840 2139 1843 2154; x_wconf 88' lang='lat'><strong>¹</strong></span> 
     </span>
     <span class='ocr_line' id='line_1_81' title="bbox 1015 2189 1842 2242; baseline -0.001 -17"><span class='ocrx_word' id='word_1_494' title='bbox 1015 2190 1280 2236; x_wconf 80' lang='grc' dir='ltr'><em>ω’νοσάμην.</em></span> <span class='ocrx_word' id='word_1_495' title='bbox 1325 2189 1556 2242; x_wconf 75' lang='grc' dir='ltr'><em>ἐμεμψάμην.</em></span> <span class='ocrx_word' id='word_1_496' title='bbox 1597 2191 1725 2225; x_wconf 86' lang='lat' dir='ltr'><strong>dictum</strong></span> <span class='ocrx_word' id='word_1_497' title='bbox 1750 2192 1816 2225; x_wconf 86' lang='lat' dir='ltr'><em>hoc</em></span> <span class='ocrx_word' id='word_1_498' title='bbox 1839 2200 1842 2207; x_wconf 90' lang='grc'>·</span> 
     </span>
     <span class='ocr_line' id='line_1_82' title="bbox 1013 2236 1821 2282; baseline 0.001 -13"><span class='ocrx_word' id='word_1_499' title='bbox 1013 2243 1085 2278; x_wconf 84' lang='lat' dir='ltr'><strong>est,</strong></span> <span class='ocrx_word' id='word_1_500' title='bbox 1117 2245 1157 2271; x_wconf 87' lang='lat' dir='ltr'><em>ut</em></span> <span class='ocrx_word' id='word_1_501' title='bbox 1181 2236 1381 2282; x_wconf 78' lang='grc' dir='ltr'><em>ἐδεξαμην,</em></span> <span class='ocrx_word' id='word_1_502' title='bbox 1416 2242 1524 2272; x_wconf 83' lang='grc' dir='ltr'><em>εἰπον</em></span> <span class='ocrx_word' id='word_1_503' title='bbox 1551 2241 1588 2271; x_wconf 88' lang='lat' dir='ltr'><strong>et</strong></span> <span class='ocrx_word' id='word_1_504' title='bbox 1610 2236 1733 2271; x_wconf 85' lang='lat' dir='ltr'><strong>similia</strong></span> <span class='ocrx_word' id='word_1_505' title='bbox 1757 2241 1821 2282; x_wconf 64' lang='lat' dir='ltr'><em>ap.v</em></span> 
     </span>
     <span class='ocr_line' id='line_1_83' title="bbox 1012 2283 1842 2329; baseline 0 -13"><span class='ocrx_word' id='word_1_506' title='bbox 1012 2283 1118 2328; x_wconf 90' lang='lat' dir='ltr'><strong>Soph.</strong></span> <span class='ocrx_word' id='word_1_507' title='bbox 1144 2288 1177 2317; x_wconf 88' lang='lat' dir='ltr'><strong>et</strong></span> <span class='ocrx_word' id='word_1_508' title='bbox 1204 2284 1326 2329; x_wconf 81' lang='lat' dir='ltr'><strong>Eurip.</strong></span> <span class='ocrx_word' id='word_1_509' title='bbox 1360 2295 1394 2316; x_wconf 87' lang='lat' dir='ltr'><strong>v.</strong></span> <span class='ocrx_word' id='word_1_510' title='bbox 1422 2284 1549 2318; x_wconf 77' lang='lat' dir='ltr'><strong>Matth.</strong></span> <span class='ocrx_word' id='word_1_511' title='bbox 1574 2286 1606 2326; x_wconf 84' lang='lat'><strong>§.</strong></span> <span class='ocrx_word' id='word_1_512' title='bbox 1632 2283 1719 2323; x_wconf 87' lang='lat'>506,</span> <span class='ocrx_word' id='word_1_513' title='bbox 1753 2293 1816 2317; x_wconf 82' lang='lat' dir='ltr'><em>nos</em></span> <span class='ocrx_word' id='word_1_514' title='bbox 1837 2293 1842 2302; x_wconf 85' lang='grc'><strong><em>’</em></strong></span> 
     </span>
     <span class='ocr_line' id='line_1_84' title="bbox 1013 2329 1815 2375; baseline 0 -13"><span class='ocrx_word' id='word_1_515' title='bbox 1013 2340 1090 2364; x_wconf 87' lang='lat' dir='ltr'><strong>ann.</strong></span> <span class='ocrx_word' id='word_1_516' title='bbox 1126 2330 1169 2363; x_wconf 85' lang='lat' dir='ltr'><em>ad</em></span> <span class='ocrx_word' id='word_1_517' title='bbox 1196 2330 1354 2375; x_wconf 76' lang='lat' dir='ltr'><strong>Aeschyl,</strong></span> <span class='ocrx_word' id='word_1_518' title='bbox 1379 2329 1475 2364; x_wconf 88' lang='lat' dir='ltr'><strong>Pers.</strong></span> <span class='ocrx_word' id='word_1_519' title='bbox 1505 2331 1592 2373; x_wconf 88' lang='lat'>796,</span> <span class='ocrx_word' id='word_1_520' title='bbox 1627 2330 1735 2374; x_wconf 83' lang='lat' dir='ltr'><strong>Soph.</strong></span> <span class='ocrx_word' id='word_1_521' title='bbox 1760 2329 1815 2362; x_wconf 83' lang='lat' dir='ltr'><strong>El.</strong></span> 
     </span>
    </p>
   </div>
   <div class='ocr_carea' id='block_1_12' title="bbox 1016 2375 1572 2421">
    <p class='ocr_par' dir='ltr' id='par_1_17' title="bbox 1016 2375 1572 2421">
     <span class='ocr_line' id='line_1_85' title="bbox 1016 2375 1572 2421; baseline 0.002 -12"><span class='ocrx_word' id='word_1_522' title='bbox 1016 2375 1122 2416; x_wconf 88' lang='grc'><em>1246,</em></span> <span class='ocrx_word' id='word_1_523' title='bbox 1148 2376 1268 2421; x_wconf 86' lang='lat' dir='ltr'><strong>Eurip.</strong></span> <span class='ocrx_word' id='word_1_524' title='bbox 1293 2375 1387 2410; x_wconf 81' lang='lat' dir='ltr'><strong>Med.</strong></span> <span class='ocrx_word' id='word_1_525' title='bbox 1412 2377 1479 2410; x_wconf 87' lang='grc'><em>257</em></span> <span class='ocrx_word' id='word_1_526' title='bbox 1504 2382 1572 2410; x_wconf 88' lang='lat' dir='ltr'><strong>etc.</strong></span> 
     </span>
    </p>
   </div>
   <div class='ocr_carea' id='block_1_13' title="bbox 1002 2431 1861 2846">
    <p class='ocr_par' dir='ltr' id='par_1_18' title="bbox 1002 2431 1861 2846">
     <span class='ocr_line' id='line_1_86' title="bbox 1058 2431 1815 2477; baseline -0.004 -11"><span class='ocrx_word' id='word_1_527' title='bbox 1058 2432 1223 2468; x_wconf 85' lang='lat'>96-99.</span> <span class='ocrx_word' id='word_1_528' title='bbox 1244 2431 1473 2477; x_wconf 86' lang='grc' dir='ltr'><em>πολέμοιο</em></span> <span class='ocrx_word' id='word_1_529' title='bbox 1500 2442 1595 2468; x_wconf 86' lang='grc' dir='ltr'><em>συν.</em></span> <span class='ocrx_word' id='word_1_530' title='bbox 1606 2455 1616 2472; x_wconf 94' lang='grc'><em>,</em></span> <span class='ocrx_word' id='word_1_531' title='bbox 1638 2431 1723 2465; x_wconf 81' lang='lat' dir='ltr'><strong>bello</strong></span> <span class='ocrx_word' id='word_1_532' title='bbox 1737 2442 1815 2464; x_wconf 85' lang='lat' dir='ltr'><strong>con-</strong></span> 
     </span>
     <span class='ocr_line' id='line_1_87' title="bbox 1002 2474 1816 2536; baseline 0.001 -26"><span class='ocrx_word' id='word_1_533' title='bbox 1002 2479 1104 2521; x_wconf 85' lang='lat' dir='ltr'><strong>flato.</strong></span> <span class='ocrx_word' id='word_1_534' title='bbox 1152 2478 1273 2523; x_wconf 53' lang='lat' dir='ltr'><strong>Polyb.</strong></span> <span class='ocrx_word' id='word_1_535' title='bbox 1297 2491 1355 2536; x_wconf 80' lang='lat' dir='ltr'><strong>ap.</strong></span> <span class='ocrx_word' id='word_1_536' title='bbox 1379 2478 1481 2512; x_wconf 90' lang='lat' dir='ltr'><strong>Schn.</strong></span> <span class='ocrx_word' id='word_1_537' title='bbox 1518 2489 1553 2513; x_wconf 84' lang='lat' dir='ltr'><strong>v.</strong></span> <span class='ocrx_word' id='word_1_538' title='bbox 1590 2474 1816 2513; x_wconf 76' lang='lat' dir='ltr'><em>ovmow‘vm:</em></span> 
     </span>
     <span class='ocr_line' id='line_1_88' title="bbox 1012 2522 1815 2580; baseline -0.002 -22"><span class='ocrx_word' id='word_1_539' title='bbox 1012 2523 1163 2567; x_wconf 82' lang='grc' dir='ltr'><em>συνέστη</em></span> <span class='ocrx_word' id='word_1_540' title='bbox 1208 2524 1367 2569; x_wconf 78' lang='grc' dir='ltr'><em>Εὐμένει</em></span> <span class='ocrx_word' id='word_1_541' title='bbox 1408 2522 1568 2580; x_wconf 82' lang='grc' dir='ltr'><em>πόλεμος</em></span> <span class='ocrx_word' id='word_1_542' title='bbox 1614 2536 1708 2568; x_wconf 82' lang='grc' dir='ltr'><em>προς</em></span> <span class='ocrx_word' id='word_1_543' title='bbox 1748 2522 1815 2558; x_wconf 78' lang='grc' dir='ltr'><em>τὸν</em></span> 
     </span>
     <span class='ocr_line' id='line_1_89' title="bbox 1016 2561 1835 2624; baseline -0.004 -18"><span class='ocrx_word' id='word_1_544' title='bbox 1016 2571 1215 2614; x_wconf 80' lang='grc' dir='ltr'><em>Προυσίαν.</em></span> <span class='ocrx_word' id='word_1_545' title='bbox 1229 2592 1271 2597; x_wconf 92' lang='grc'>-</span> <span class='ocrx_word' id='word_1_546' title='bbox 1289 2572 1388 2605; x_wconf 87' lang='lat' dir='ltr'><strong>Sch.:</strong></span> <span class='ocrx_word' id='word_1_547' title='bbox 1408 2567 1560 2606; x_wconf 72' lang='grc' dir='ltr'><em>εὕκτοὶ.</em></span> <span class='ocrx_word' id='word_1_548' title='bbox 1588 2569 1698 2615; x_wconf 67' lang='grc' dir='ltr'><em>εὐχῆς</em></span> <span class='ocrx_word' id='word_1_549' title='bbox 1714 2561 1835 2624; x_wconf 38' lang='lat' dir='ltr'><em>&amp;gwnil</em></span> 
     </span>
     <span class='ocr_line' id='line_1_90' title="bbox 1011 2605 1834 2662; baseline -0.001 -11"><span class='ocrx_word' id='word_1_550' title='bbox 1011 2615 1180 2660; x_wconf 82' lang='grc' dir='ltr'><em>(ἐπικρ.</em></span> <span class='ocrx_word' id='word_1_551' title='bbox 1220 2631 1307 2661; x_wconf 84' lang='grc' dir='ltr'><em>περ</em></span> <span class='ocrx_word' id='word_1_552' title='bbox 1344 2617 1515 2661; x_wconf 75' lang='grc' dir='ltr'><em>ἔμπης,</em></span> <span class='ocrx_word' id='word_1_553' title='bbox 1561 2605 1834 2662; x_wconf 79' lang='lat' dir='ltr'><strong>quamvisjam</strong></span> 
     </span>
     <span class='ocr_line' id='line_1_91' title="bbox 1010 2661 1860 2721; baseline 0.002 -27"><span class='ocrx_word' id='word_1_554' title='bbox 1010 2662 1060 2697; x_wconf 85' lang='lat' dir='ltr'><strong>sic</strong></span> <span class='ocrx_word' id='word_1_555' title='bbox 1091 2674 1230 2707; x_wconf 77' lang='lat' dir='ltr'><strong>prorsus</strong></span> <span class='ocrx_word' id='word_1_556' title='bbox 1261 2664 1530 2721; x_wconf 74' lang='lat' dir='ltr'><strong>superioribus.)</strong></span> <span class='ocrx_word' id='word_1_557' title='bbox 1568 2661 1860 2717; x_wconf 62' lang='lat' dir='ltr'><em>.‹}7=:16&lt;‘&gt;s&#39;21:2›7.‚¹</em></span> 
     </span>
     <span class='ocr_line' id='line_1_92' title="bbox 1010 2702 1861 2767; baseline -0.001 -24"><span class='ocrx_word' id='word_1_558' title='bbox 1010 2706 1279 2767; x_wconf 79' lang='grc' dir='ltr'><em>ἕπηρτημένος,</em></span> <span class='ocrx_word' id='word_1_559' title='bbox 1315 2707 1547 2754; x_wconf 78' lang='grc' dir='ltr'><em>καταῤῥεπής</em></span> <span class='ocrx_word' id='word_1_560' title='bbox 1570 2702 1605 2753; x_wconf 86' lang='grc' dir='ltr'><em>ἦ.</em></span> <span class='ocrx_word' id='word_1_561' title='bbox 1652 2707 1674 2753; x_wconf 86' lang='grc' dir='ltr'><strong><em>ἡ</em></strong></span> <span class='ocrx_word' id='word_1_562' title='bbox 1707 2720 1832 2752; x_wconf 88' lang='grc' dir='ltr'><em>μετα</em></span> <span class='ocrx_word' id='word_1_563' title='bbox 1858 2718 1861 2728; x_wconf 87' lang='grc'><em>·</em></span> 
     </span>
     <span class='ocr_line' id='line_1_93' title="bbox 1010 2753 1861 2801; baseline 0 -12"><span class='ocrx_word' id='word_1_564' title='bbox 1010 2756 1111 2799; x_wconf 87' lang='grc' dir='ltr'><em>φορα</em></span> <span class='ocrx_word' id='word_1_565' title='bbox 1147 2754 1222 2792; x_wconf 70' lang='grc' dir='ltr'><em>ἀπὸ</em></span> <span class='ocrx_word' id='word_1_566' title='bbox 1256 2757 1330 2791; x_wconf 73' lang='grc' dir='ltr'><em>τῶν</em></span> <span class='ocrx_word' id='word_1_567' title='bbox 1367 2753 1713 2801; x_wconf 79' lang='grc' dir='ltr'><em>ζυγοστατουμένων</em></span> <span class='ocrx_word' id='word_1_568' title='bbox 1747 2765 1816 2789; x_wconf 85' lang='grc' dir='ltr'><em>σω·</em></span> <span class='ocrx_word' id='word_1_569' title='bbox 1859 2764 1861 2779; x_wconf 69' lang='lat'>³</span> 
     </span>
     <span class='ocr_line' id='line_1_94' title="bbox 1006 2800 1147 2846; baseline 0 -10"><span class='ocrx_word' id='word_1_570' title='bbox 1006 2800 1147 2846; x_wconf 74' lang='grc' dir='ltr'><em>μάτων.</em></span> 
     </span>
    </p>
   </div>
   <div class='ocr_carea' id='block_1_14' title="bbox 1057 2859 1312 2916">
    <p class='ocr_par' dir='ltr' id='par_1_19' title="bbox 1057 2859 1312 2916">
     <span class='ocr_line' id='line_1_95' title="bbox 1057 2859 1312 2916; baseline -0.009 -22"><span class='ocrx_word' id='word_1_571' title='bbox 1057 2862 1133 2894; x_wconf 91' lang='grc'><em>100.</em></span> <span class='ocrx_word' id='word_1_572' title='bbox 1187 2859 1312 2916; x_wconf 82' lang='lat' dir='ltr'><strong>vulgo:</strong></span> 
     </span>
    </p>
   </div>
   <div class='ocr_carea' id='block_1_15' title="bbox 1843 687 1877 2704">
    <p class='ocr_par' dir='ltr' id='par_1_20' title="bbox 1843 687 1877 2704">
     <span class='ocr_line' id='line_1_96' title="bbox 1843 687 1877 2704; baseline 0 -765"><span class='ocrx_word' id='word_1_573' title='bbox 1843 687 1877 2704; x_wconf 95' lang='lat' dir='ltr'><em>     </em></span> 
     </span>
    </p>
   </div>
   <div class='ocr_carea' id='block_1_16' title="bbox 1007 2856 1829 3087">
    <p class='ocr_par' dir='ltr' id='par_1_21' title="bbox 1007 2856 1829 2996">
     <span class='ocr_line' id='line_1_97' title="bbox 1377 2856 1829 2913; baseline -0.002 -20"><span class='ocrx_word' id='word_1_574' title='bbox 1377 2856 1588 2913; x_wconf 76' lang='grc' dir='ltr'><em>σχήσουσιν</em></span> <span class='ocrx_word' id='word_1_575' title='bbox 1634 2856 1829 2905; x_wconf 79' lang='grc' dir='ltr'><em>πόλεμον.·</em></span> 
     </span>
     <span class='ocr_line' id='line_1_98' title="bbox 1008 2902 1828 2950; baseline -0.001 -12"><span class='ocrx_word' id='word_1_576' title='bbox 1008 2917 1027 2938; x_wconf 76' lang='grc' dir='ltr'><em>ι</em></span> <span class='ocrx_word' id='word_1_577' title='bbox 1031 2919 1052 2950; x_wconf 89' lang='grc' dir='ltr'><em>η</em></span> <span class='ocrx_word' id='word_1_578' title='bbox 1063 2907 1093 2940; x_wconf 78' lang='grc' dir='ltr'><em>αἳ</em></span> <span class='ocrx_word' id='word_1_579' title='bbox 1104 2919 1124 2940; x_wconf 95' lang='grc' dir='ltr'><em>ν</em></span> <span class='ocrx_word' id='word_1_580' title='bbox 1158 2903 1270 2940; x_wconf 87' lang='grc' dir='ltr'><em>αλαδ’</em></span> <span class='ocrx_word' id='word_1_581' title='bbox 1302 2902 1476 2949; x_wconf 78' lang='grc' dir='ltr'><em>ἑλκομενά</em></span> <span class='ocrx_word' id='word_1_582' title='bbox 1488 2918 1516 2939; x_wconf 84' lang='grc' dir='ltr'><strong><em>ω</em></strong></span> <span class='ocrx_word' id='word_1_583' title='bbox 1526 2917 1569 2946; x_wconf 88' lang='grc' dir='ltr'><em>ν,</em></span> <span class='ocrx_word' id='word_1_584' title='bbox 1617 2904 1812 2938; x_wconf 79' lang='lat' dir='ltr'><strong>homoeote-</strong></span> <span class='ocrx_word' id='word_1_585' title='bbox 1825 2915 1828 2944; x_wconf 73' lang='lat' dir='ltr'>J</span> 
     </span>
     <span class='ocr_line' id='line_1_99' title="bbox 1007 2949 1827 3005; baseline -0.001 -21"><span class='ocrx_word' id='word_1_586' title='bbox 1007 2951 1097 2985; x_wconf 86' lang='lat' dir='ltr'><strong>leuto</strong></span> <span class='ocrx_word' id='word_1_587' title='bbox 1134 2951 1266 2985; x_wconf 87' lang='lat' dir='ltr'><strong>minime</strong></span> <span class='ocrx_word' id='word_1_588' title='bbox 1304 2951 1464 2996; x_wconf 83' lang='lat' dir='ltr'><strong>eleganti.</strong></span> <span class='ocrx_word' id='word_1_589' title='bbox 1530 2950 1580 2984; x_wconf 82' lang='lat' dir='ltr'><em>E:</em></span> <span class='ocrx_word' id='word_1_590' title='bbox 1627 2949 1827 3005; x_wconf 79' lang='grc' dir='ltr'><em>σχήσουσι.</em></span> 
     </span>
    </p>

    <p class='ocr_par' dir='ltr' id='par_1_22' title="bbox 1007 2993 1826 3087">
     <span class='ocr_line' id='line_1_100' title="bbox 1007 2993 1826 3041; baseline -0.001 -11"><span class='ocrx_word' id='word_1_591' title='bbox 1007 3004 1101 3031; x_wconf 87' lang='lat' dir='ltr'><strong>recte</strong></span> <span class='ocrx_word' id='word_1_592' title='bbox 1120 2998 1173 3031; x_wconf 89' lang='lat' dir='ltr'><strong>H.</strong></span> <span class='ocrx_word' id='word_1_593' title='bbox 1206 2997 1422 3039; x_wconf 85' lang='lat' dir='ltr'><strong>„Homerica</strong></span> <span class='ocrx_word' id='word_1_594' title='bbox 1442 2996 1616 3041; x_wconf 78' lang='lat' dir='ltr'><strong>scriptura</strong></span> <span class='ocrx_word' id='word_1_595' title='bbox 1640 2996 1706 3030; x_wconf 79' lang='lat' dir='ltr'><strong>ruit</strong></span> <span class='ocrx_word' id='word_1_596' title='bbox 1728 2993 1826 3040; x_wconf 79' lang='grc' dir='ltr'><em>σχή-’</em></span> 
     </span>
     <span class='ocr_line' id='line_1_101' title="bbox 1007 3023 1811 3087; baseline -0.004 -9"><span class='ocrx_word' id='word_1_597' title='bbox 1007 3054 1113 3078; x_wconf 77' lang='grc' dir='ltr'><em>σουσι</em></span> <span class='ocrx_word' id='word_1_598' title='bbox 1148 3023 1341 3087; x_wconf 56' lang='grc' dir='ltr'><em>πτιξλεμον.</em></span> <span class='ocrx_word' id='word_1_599' title='bbox 1345 3046 1370 3063; x_wconf 89' lang='lat'><strong>“</strong></span> <span class='ocrx_word' id='word_1_600' title='bbox 1418 3043 1462 3077; x_wconf 84' lang='lat' dir='ltr'><strong>cf.</strong></span> <span class='ocrx_word' id='word_1_601' title='bbox 1490 3043 1641 3087; x_wconf 84' lang='lat' dir='ltr'><strong>ejusdem</strong></span> <span class='ocrx_word' id='word_1_602' title='bbox 1666 3052 1742 3076; x_wconf 86' lang='lat' dir='ltr'><strong>ann.</strong></span> <span class='ocrx_word' id='word_1_603' title='bbox 1767 3041 1811 3076; x_wconf 81' lang='lat' dir='ltr'><em>ad</em></span> 
     </span>
    </p>
   </div>
  </div>
 </body>
</html>
