1847 3277
135 146 193 186 78

131 258 244 299 gart„
270 255 391 298 1784„
423 257 480 299 4.,
521 260 718 303 Lessingius
742 261 938 294 Laocoonte

132 313 163 334 c.
189 302 243 335 18.
269 306 303 335 et
329 304 404 344 19„
429 304 684 339 d’Hancarville
716 307 938 350 (Antiquite's

131 346 340 390 Etrusques,
365 353 441 384 tom.
460 353 533 394 4.)‚
558 352 873 395 Schlichtegrollius
896 351 937 384 li-

130 391 193 425 bro
217 403 321 436 germ.
349 396 429 428 fiber
453 398 519 429 den
540 399 656 430 Schild
680 398 739 430 des
763 398 937 438 Hercules,

129 437 218 470 nach
231 439 292 471 der
306 440 561 487 Beschreibung
573 444 632 475 des
645 443 823 482 Ηεείοιῑιις,
839 444 938 483 1788,

130 482 164 516 H
189 495 263 517 cum
287 485 392 527 alias,
417 493 489 521 tum
514 488 715 521 excursibus
740 490 782 521 ad
801 489 937 528 librum,

130 527 188 572 qui
213 536 265 562 est
288 531 321 563 in
346 533 517 574 manibus,
543 539 577 566 et
599 534 643 566 ad
666 533 759 578 Virg.
783 535 867 567 Aen.
892 534 938 576 8.,

130 574 277 618 denique
302 576 528 616 Quatremere
559 579 602 612 de
631 579 767 622 Quincy
801 580 850 622 (le
877 580 939 612 Ju-

127 620 222 663 piter
248 622 423 665 Olympien
449 636 479 667 p.
507 624 551 658 64
576 630 610 657 et
633 625 772 669 seqq.)‚
805 625 848 658 de
871 636 936 669 quo

131 665 303 709 scriptore
320 669 371 700 sic
389 669 594 702 Montbelius
612 670 770 712 (Observ.
796 683 853 703 sur
870 672 938 703 l'll.

130 712 293 753 d’Hom.‚
324 714 388 747 vol.
410 716 442 748 Ξ.
470 727 504 759 p.
529 717 642 759 1410:
668 741 691 756 „
703 717 752 749 M.
781 716 936 756 Quatre-

129 758 221 790 mere
245 769 265 790 a
287 759 418 792 rectifie
439 760 540 794 d'une
566 761 714 795 maniere
733 762 936 805 tres-inge-

130 803 248 836 nieuse
275 803 324 836 les
343 805 435 838 idees
455 807 646 850 mesquines
673 819 734 841 sur
760 809 938 851 lesquelles

130 847 245 881 s'etait
267 853 403 893 appuye
431 852 550 885 Boixin
575 853 759 898 (Apologie
780 853 937 896 d'Hom.)

129 904 219 938 pour
253 894 382 928 donner
412 909 455 930 un
483 899 613 931 modele
643 900 753 943 figure
783 900 827 932 du
853 901 938 933 bou-

130 938 225 972 clier.
273 940 372 974 Celui
397 942 439 975 de
468 944 515 976 M.
537 946 602 985 Qu.
625 948 785 989 presente
808 946 858 978 les
877 948 938 979 ob-

125 984 195 1027 jets
233 995 310 1018 sans
345 989 543 1030 confusion,
586 996 622 1023 et
666 991 859 1035 cependant
895 1003 937 1024 ne

127 1029 230 1063 laisse
255 1032 328 1064 rien
356 1032 376 1065 a
401 1034 532 1068 desirer
556 1047 634 1069 sous
659 1037 690 1070 le
710 1044 854 1081 rapport
877 1037 938 1070 des

128 1075 263 1109 details.
290 1078 405 1112 Guide¹
430 1092 492 1124 par
513 1093 578 1115 une
599 1083 764 1125 profonde
781 1083 940 1116 connais-

128 1132 231 1155 sance
254 1122 297 1156 de
315 1123 506 1170 l’antiquite
524 1134 559 1160 et
580 1128 640 1161 des
659 1136 729 1162 arts
749 1129 793 1162 du
811 1128 936 1169 dessin‚

129 1166 153 1199 il
177 1179 308 1211 prouve
340 1172 545 1214 tres-bien,
580 1173 680 1217 qu’on
716 1187 758 1207 ne
791 1180 871 1218 peut
900 1186 938 1207 se

128 1213 217 1246 faire
247 1226 313 1248 une
345 1216 421 1249 idee
448 1219 540 1261 juste
572 1220 617 1253 du
650 1221 802 1254 bouclier
837 1219 937 1263 qu’en

129 1258 296 1303 adoptant
329 1261 360 1295 la
386 1265 546 1297 methode
573 1266 616 1298 du
641 1267 729 1310 style
754 1265 940 1299 abreviatif

130 1304 192 1337 des
216 1307 432 1341 bas-reliess
453 1310 620 1354 antiques.
654 1312 825 1354 ,‚‚‚Selon
846 1317 938 1344 cette

129 1352 383 1394 me'thode,““
417 1354 468 1387 dit
493 1357 540 1388 M.
567 1357 656 1397 Qu,
693 1382 747 1398 ,.,‚
760 1358 808 1390 les
831 1358 938 1398 suiets

128 1396 179 1429 les
204 1397 279 1442 plus
315 1400 456 1433 etendus
497 1410 647 1445 peuvent
682 1406 757 1436 exre
793 1404 937 1446 abreges

129 1453 209 1475 sans
240 1446 314 1477 etre
343 1449 525 1489 tronquffl,
559 1455 594 1481 et
618 1455 716 1481 toute
741 1450 855 1482 action
881 1460 939 1481 ra-

129 1491 246 1522 inenee
270 1490 290 1522 a
312 1503 365 1523 ses
387 1493 548 1526 elements
567 1495 769 1538 principaux
789 1507 825 1527 se
845 1501 938 1527 trou-

129 1545 173 1567 ve
195 1535 330 1569 refluite
354 1548 431 1571 sans
456 1550 570 1572 cesset
594 1540 704 1574 d'ezre
728 1541 868 1574 entiere'.
883 1542 941 1558 “⁶⁵

129 1580 170 1614 Je
202 1580 291 1614 crois
320 1584 411 1616 aussi
444 1596 510 1627 que
534 1585 582 1618 M.
610 1587 681 1627 Qu.
713 1598 732 1619 a
765 1586 842 1619 bien
876 1586 941 1619 fait

129 1626 313 1671 d'adopter
344 1629 393 1662 les
424 1631 522 1675 (10)
552 1632 716 1666 divisions
748 1632 826 1675 deja
849 1631 938 1665 indi-

131 1675 236 1717 quees
269 1685 332 1718 par
354 1676 523 1721 Lessing,
561 1680 646 1711 dans
679 1690 740 1712 son
766 1679 937 1719 Laocoon,

130 1723 168 1751 et
193 1718 236 1751 de
259 1731 303 1753 ne
327 1722 422 1765 point
447 1724 611 1757 morceler
635 1736 677 1758 en
704 1725 756 1757 six
781 1736 939 1768 compar-

128 1764 266 1798 timents
290 1766 339 1799 les
364 1769 469 1811 sujets
495 1781 559 1813 que
582 1773 781 1815 presentent
804 1771 835 1803 la
859 1770 939 1803 ville

131 1821 174 1843 en
198 1811 276 1855 paix
301 1818 337 1845 et
362 1814 394 1846 la
428 1814 509 1848 ville
541 1828 582 1848 en
607 1828 743 1859 guerre.
791 1816 881 1850 Mais
913 1816 938 1848 il

130 1856 208 1889 faut
230 1857 296 1891 lire
315 1864 411 1892 toute
436 1867 528 1894 cette
549 1862 782 1902 dissertation,
806 1868 841 1895 et
865 1861 938 1895 voir

130 1901 164 1936 le
188 1902 303 1936 dessin
328 1917 394 1949 que
419 1907 468 1940 M.
494 1908 562 1947 Qu.
597 1919 617 1941 a
648 1909 759 1942 donne
785 1909 828 1941 du
853 1908 939 1941 bou-

129 1948 227 1989 clier,
252 1961 293 1983 en
315 1959 521 1986 conservant
536 1953 569 1987 la
590 1954 754 1987 diversite
774 1954 834 1987 des
858 1965 938 1986 cou-

128 1993 221 2027 leurs
253 1997 412 2040 produite
444 2011 506 2043 par
530 1999 562 2033 le
595 2000 749 2044 melange
781 2000 840 2033 des
869 2002 939 2032 me-

129 2045 236 2081 taux,
269 2053 356 2086 pour
391 2045 535 2088 pouvoir
566 2045 645 2079 bien
677 2046 784 2079 sentir
807 2052 883 2080 tout
906 2045 939 2078 le

128 2086 250 2120 merite
277 2088 321 2121 de
344 2101 384 2122 ce
408 2091 496 2124 beau
520 2092 658 2125 travail.
672 2095 695 2111 “
716 2091 939 2136 reprehendit

127 2135 242 2166 tamen
275 2134 384 2168 virum
417 2137 554 2170 doctum
580 2137 786 2172 Montbelius
816 2139 851 2171 in
886 2149 938 2178 eo,

128 2179 240 2222 quod,
265 2179 446 2215 Boivinum
472 2188 627 2224 secutus,
652 2183 823 2229 expressit
840 2183 938 2227 signa

129 2224 287 2266 zodiaci,
321 2239 408 2271 quae
433 2228 518 2263 male
541 2229 759 2274 intelligebat
778 2229 878 2263 Boiv.
903 2229 937 2262 in

128 2271 235 2304 verbo
268 2274 389 2316 τείρεα
413 2274 516 2316 485.,·
552 2287 615 2309 nec
648 2277 774 2319 probat
807 2275 937 2309 descri-

127 2321 223 2361 ptam
235 2327 255 2350 a
266 2317 512 2358 Quatremereo
531 2321 565 2354 in
578 2322 719 2355 umbone
732 2321 833 2366 clipei
853 2333 938 2365 qua-

129 2361 282 2407 drigam,
318 2365 414 2408 cujus
445 2366 578 2410 quidem
607 2368 788 2411 vestigium
812 2367 937 2401 nullum

129 2413 185 2441 est
202 2420 258 2452 ap.
276 2410 470 2452 Homerum,
494 2413 554 2445 sed
567 2413 752 2458 Euripides
772 2414 826 2447 El.
838 2415 937 2449 426:

130 2451 171 2489 ἐν
204 2453 245 2490 δὲ
274 2456 394 2501 μέσῳ,
428 2457 562 2502 inquit,
598 2459 803 2503 κατέλαμπε
835 2459 939 2494 σάκει

130 2500 289 2545 φαέθων
308 2501 452 2544 Κύκλος
477 2501 615 2540 ἀελίοιο
635 2506 762 2546 ἵπποις
787 2502 834 2540 ἂν
855 2519 938 2541 πτε-

129 2547 308 2590 ροέσσαις.
348 2549 406 2594 qui
427 2555 464 2582 et
483 2550 660 2593 Perseum,
686 2552 861 2596 Gorgonis
878 2564 938 2586 ca-

129 2597 194 2650 put
216 2597 407 2635 tenentem,
431 2595 478 2628 ibi
502 2596 622 2638 finxit,
656 2609 729 2631 cum
760 2598 847 2631 idem
872 2598 938 2633 sibi

127 2651 182 2685 Jus
207 2651 282 2674 esse
306 2641 535 2683 existimaret,
571 2643 662 2688 quod
686 2643 752 2677 suit
776 2644 938 2686 Homero,

131 2697 206 2719 cum
229 2687 315 2720 haec
338 2686 497 2730 fingeret.
532 2699 608 2722 nam
626 2688 708 2723 ficta
733 2701 808 2723 esse
832 2691 939 2725 inaxi-

130 2742 217 2765 mam
241 2738 384 2777 partem,
408 2745 505 2767 nemo
527 2734 759 2776 dubitaverit3
784 2747 939 2780 operam-

130 2789 197 2822 que
221 2784 257 2812 et
280 2778 386 2812 oleum
407 2780 543 2824 perdat,
569 2779 625 2824 qui
648 2780 683 2814 in
706 2781 856 2815 historiis
879 2794 939 2816 ve-

130 2828 238 2857 terum
262 2824 453 2868 investiget
477 2825 627 2859 artifices
652 2832 751 2871 aptos
776 2828 818 2860 ad
845 2829 937 2872 ejus-

129 2869 220 2903 modi
252 2881 337 2915 opus
370 2870 617 2905 fabricandum.
655 2872 786 2906 scilicet
806 2871 938 2918 ‘Hepoet-

130 2915 364 2958 στότευκτον,
389 2917 418 2950 si
444 2918 536 2962 quod
560 2917 665 2960 aliud,
692 2924 745 2952 est
768 2919 834 2953 hoc
857 2932 936 2954 scu-

130 2967 220 3003 tum,
255 2973 318 2997 nec
348 2962 455 2996 minus
488 2962 653 2999 hominum
678 2964 848 3009 ingenium
873 2978 933 3001 ar-

772 153 1169 195 ΟΜΗΡΟΥ

981 263 1131 305 temque,
1151 262 1352 307 praesertim
1373 266 1525 308 tempore
1541 264 1786 310 antiquissimo,

982 313 1126 350 superat
1148 320 1246 352 quam
1270 309 1425 353 trIpodes
1456 310 1506 342 illi
1529 311 1668 344 mobiles
1691 313 1785 353 373„

983 358 1044 385 aut
1068 352 1220 395 virgines
1243 366 1387 395 aureae,
1413 366 1503 398 quae
1526 355 1715 390 Vulcanum
1734 356 1788 389 in-

983 398 1158 432 cedentem
1182 406 1372 433 sustentant
1397 401 1497 441 417„
1529 406 1565 435 et
1597 403 1786 435 adamanti—

983 455 1059 476 num
1084 450 1180 485 rete,
1209 457 1274 489 quo
1311 446 1404 490 cepit
1430 456 1568 480 uxorem
1591 447 1790 482 adulteram.

985 500 1092 532 quare
1115 502 1179 523 nec
1202 502 1353 534 magnam
1379 504 1420 524 ex
1450 492 1515 525 hoc
1538 492 1692 536 episodio
1721 492 1790 526 uti—

982 535 1112 569 litatem
1135 535 1327 570 redundare
1351 545 1432 581 puto
1457 538 1502 570 ad
1525 540 1791 582 cognoscendum

984 581 1069 614 artis
1103 581 1230 614 veteris
1262 582 1360 616 initia
1395 589 1431 615 et
1464 594 1693 627 progressus;
1723 583 1791 618 nisi

985 626 1076 670 quod
1102 627 1160 659 vix
1183 628 1271 667 erit,
1295 635 1333 661 ut
1357 628 1497 672 opinor,
1523 630 1583 674 qui
1605 635 1708 672 neget
1731 641 1791 663 no-

984 672 1074 705 visse
1097 678 1164 705 tum
1189 673 1337 706 homines
1361 680 1396 707 et
1419 674 1563 708 fundere
1584 675 1731 715 metalla,
1757 681 1792 708 et

982 718 1061 750 fusa
1091 718 1197 751 variis
1222 719 1328 752 modis
1352 720 1516 760 miscere,
1552 720 1791 765 coloribusque

982 763 1143 796 imbuere.
1188 764 1223 796 id
1258 764 1394 808 quidem
1428 765 1580 808 pariter,
1614 777 1658 799 ne
1682 766 1790 799 dicam

984 808 1052 842 alia
1076 809 1282 849 consimilia,
1319 821 1362 842 ex
1386 811 1615 855 descriptione
1638 812 1790 844 thoracis

984 854 1094 895 illius,
1125 867 1221 898 quem
1248 856 1395 899 Cinyras
1419 857 1659 900 Agamemnoni
1683 857 1789 890 dona-

984 900 1036 933 vit
1060 900 1101 941 λ’,
1122 903 1198 941 ΞΟ.,
1223 900 1406 945 intelligas.
1443 913 1585 946 quarum
1606 914 1717 936 rerum
1739 903 1792 935 in-

984 952 1170 979 strumenta
1204 947 1294 990 quod
1327 948 1424 980 Hom.
1457 948 1547 981 haud
1579 949 1790 990 memoravit,

983 992 1135 1025 malleum
1168 996 1203 1024 et
1228 992 1389 1037 forcipem
1413 994 1628 1036 memoravit,
1661 1000 1792 1038 partem

983 1050 1045 1082 pro
1070 1045 1143 1071 totu
1169 1038 1277 1079 dixit,
1305 1039 1480 1082 multaque
1510 1041 1641 1080 omisit,
1675 1046 1714 1072 ut
1736 1051 1793 1073 so-

982 1084 1051 1124 let,
1076 1083 1258 1116 brevitatis
1284 1084 1398 1126 gratia
1426 1091 1461 1117 et
1485 1086 1533 1117 ad
1558 1090 1712 1118 eventum
1732 1089 1792 1128 fe·-
1842 1122 1847 1132 A

983 1131 1134 1171 sunaus,
1159 1135 1197 1162 ut
1222 1131 1271 1162 ait
1295 1130 1470 1163 Horatius.
1516 1131 1632 1164 harum
1657 1131 1792 1175 quidem

984 1175 1106 1208 artium
1139 1175 1341 1208 incunabula
1375 1177 1556 1220 explorans
1580 1177 1614 1209 H
1649 1188 1794 1211 excursu

985 1222 1027 1254 de
1051 1220 1161 1264 clipeo
1182 1221 1322 1253 Achillis
1346 1232 1423 1265 pag.
1443 1223 1520 1256 586.
1547 1222 1592 1255 ad
1608 1222 1695 1255 hunc
1718 1223 1794 1257 fere

983 1267 1114 1300 modum
1136 1266 1306 1310 loquitur:
1333 1266 1511 1308 „dixeris,
1535 1267 1625 1300 inter
1647 1268 1794 1312 populos

984 1312 1106 1351 Asiae,
1136 1312 1319 1345 Phoenices
1344 1312 1492 1346 fortasse
1519 1318 1552 1346 et
1574 1313 1793 1358 Babylonios,

985 1363 1078 1390 artes
1107 1357 1284 1399 floruisse,
1319 1358 1428 1391 serius
1458 1359 1548 1392 inter
1570 1358 1671 1392 Iones
1694 1359 1793 1393 inno-

985 1404 1112 1444 tuisse3
1148 1405 1282 1447 poetam
1307 1409 1419 1437 tamen
1442 1404 1534 1437 inter
1557 1405 1723 1439 barbaros
1745 1405 1793 1438 si-

985 1449 1077 1482 milia
1109 1460 1216 1493 opera
1248 1449 1401 1491 vidisse,
1442 1462 1461 1483 e
1495 1450 1616 1494 quibus
1649 1451 1795 1496 clipeum

987 1496 1214 1528 adumbraret.
1259 1495 1353 1539 atqui
1391 1506 1432 1527 ex
1464 1495 1553 1529 omni
1577 1496 1680 1530 Asiae
1706 1497 1795 1531 anti-
1843 1513 1847 1520 ·

987 1541 1118 1585 quitate
1143 1552 1229 1585 opus
1261 1541 1323 1574 tali
1345 1541 1533 1584 sigillorum
1560 1543 1658 1587 copia
1682 1548 1717 1576 et
1741 1554 1798 1577 ar-

986 1587 1032 1621 tis
1069 1587 1242 1630 elegantia
1275 1599 1318 1620 ex
1341 1587 1486 1620 metallis
1509 1588 1638 1629 fusum,
1671 1589 1797 1623 nullum

987 1644 1071 1677 opus
1098 1633 1350 1677 anaglyphum,
1378 1644 1420 1666 ex
1445 1644 1526 1667 aere
1549 1634 1698 1678 quidem,
1723 1646 1794 1668 me-
1844 1663 1847 1683 2

985 1685 1146 1712 moratur.
1189 1686 1257 1712 tum
1292 1685 1398 1712 artem
1422 1680 1658 1722 graecanicam
1682 1681 1796 1714 inesse
1846 1718 1847 1723 ¹

985 1725 1080 1769 operi
1102 1725 1219 1765 vides,
1247 1725 1274 1756 si
1296 1725 1477 1758 barbarum
1498 1731 1600 1766 esset,
1623 1726 1724 1770 longe
1742 1727 1796 1759 di-

984 1770 1077 1803 versi
1104 1771 1241 1814 generis
1266 1771 1414 1813 figuras,
1442 1779 1614 1812 monstra,
1645 1772 1794 1806 terricu-

984 1816 1151 1856 lamenta,
1190 1816 1470 1861 hieroglyphica,
1502 1829 1664 1862 expressa
1695 1818 1794 1851 vide-

984 1874 1108 1897 remus.
1145 1874 1233 1907 quae
1253 1874 1335 1895 vero
1359 1863 1466 1907 prima
1485 1874 1505 1896 e
1522 1864 1667 1897 metallis
1687 1875 1794 1908 opera

984 1909 1074 1941 inter
1095 1909 1197 1941 Asiae
1214 1909 1373 1942 littoralis
1393 1909 1536 1953 populos
1554 1916 1792 1953 memorantur,

984 1965 1107 1997 magna
1131 1966 1203 1987 cum
1222 1954 1441 1999 simplicitate
1460 1954 1545 1988 artis
1567 1961 1648 1989 sunt
1672 1956 1792 1989 elabo-

984 2009 1080 2040 rata,
1112 2011 1174 2033 nec
1198 2001 1261 2033 nisi
1288 2001 1458 2043 pondere,
1494 2001 1728 2045 magnitudine
1750 2014 1792 2036 ac

984 2046 1098 2090 pretio
1132 2047 1259 2079 metalli
1290 2046 1458 2090 insignia3
1501 2058 1585 2080 vasa
1619 2058 1660 2080 ex
1695 2059 1792 2092 auro,

984 2092 1096 2125 rarius
1127 2103 1170 2125 ex
1204 2100 1369 2135 argento,
1400 2088 1499 2136 signa
1533 2098 1568 2126 et
1598 2092 1792 2134 simulacra,

984 2137 1096 2171 serius
1118 2148 1223 2178 vasa,
1247 2149 1288 2171 ex
1313 2149 1393 2171 aere
1418 2149 1491 2172 cum
1515 2138 1623 2182 signis
1646 2139 1682 2172 in
1705 2145 1793 2173 tem-

985 2183 1041 2227 plo
1076 2183 1216 2217 Junonis
1248 2183 1394 2217 Samiae.
1442 2189 1670 2218 memorantur
1703 2185 1793 2220 dona.

982 2228 1136 2273 Delphos
1157 2230 1259 2263 missa
1277 2241 1297 2262 a
1317 2230 1432 2274 Gyge,
1453 2231 1549 2274 cujus
1569 2231 1650 2264 anni
1669 2242 1792 2276 proce-
1822 2267 1824 2275 y

983 2275 1068 2308 dunt
1090 2274 1170 2309 inde
1190 2276 1233 2309 ab
1256 2276 1392 2320 Olymp.
1422 2277 1477 2318 15,
1498 2277 1551 2317 3.,
1577 2282 1658 2310 ante
1682 2277 1722 2310 C.
1744 2278 1793 2312 N.
1821 2303 1824 2320 ,

983 2321 1084 2361 718.,
1108 2321 1237 2354 duobus
1257 2322 1424 2355 minimum
1444 2323 1487 2356 ab
1505 2322 1646 2356 Homeri
1664 2328 1791 2366 aetate,
1820 2328 1824 2373 ξ

985 2377 1073 2400 anno
1098 2374 1193 2401 certe
1218 2375 1299 2400 ante
1324 2367 1363 2400 C.
1390 2368 1438 2401 N.
1465 2368 1545 2403 905.
1572 2368 1790 2414 assignanda,

984 2412 1121 2446 seculis.
1159 2412 1285 2457 primus
1314 2413 1373 2447 ille
1404 2413 1522 2448 talium
1546 2414 1689 2458 Delphis
1712 2426 1791 2448 mu-
1820 2434 1824 2457 1

984 2469 1100 2492 nerum
1129 2467 1249 2493 auctor
1281 2459 1392 2493 dictus
1420 2467 1495 2494 erat
1523 2472 1544 2494 a
1563 2460 1789 2506 Theopompo
1821 2501 1824 2510 Α

985 2505 1129 2546 (Athen.
1153 2507 1195 2546 6,
1222 2517 1254 2549 p.
1280 2507 1345 2540 231
1372 2505 1444 2548 E),
1469 2511 1504 2540 et
1527 2506 1570 2541 ab
1596 2506 1791 2551 antiquiore

984 2557 1148 2592 auctore,
1183 2551 1359 2585 Herodoto
1389 2555 1433 2592 l,
1458 2554 1533 2593 14„
1570 2552 1630 2596 qui
1652 2563 1793 2587 munera

985 2608 1027 2631 ea
1065 2601 1224 2636 enarrat,
1261 2597 1448 2641 additque,
1491 2598 1562 2640 jam
1597 2602 1676 2632 ante
1715 2609 1791 2632 eum
1820 2612 1824 2637 l

984 2643 1159 2687 Phrygem
1179 2642 1317 2682 Midam,
1343 2643 1467 2676 Gordii
1485 2643 1608 2684 filium,
1633 2644 1792 2678 thronum
1820 2650 1824 2683 l

986 2700 1125 2722 aureum
1139 2688 1282 2733 Delphis
1300 2688 1488 2730 dedicasse,
1509 2694 1624 2723 aetate
1647 2689 1792 2724 hominis
1820 2703 1824 2731 1

984 2735 1207 2779 superiorem.
1242 2734 1518 2779 Anaglyphorum
1537 2740 1649 2769 autem
1667 2735 1793 2770 mentio
1820 2747 1824 2774 l

984 2783 1089 2815 multo
1108 2781 1216 2815 serior
1234 2786 1296 2814 est.
1327 2780 1582 2814 Corinthiorum
1602 2792 1679 2815 esse
1694 2781 1793 2815 vide-
1820 2798 1824 2814 ι

982 2833 1038 2861 tur
1063 2839 1143 2862 arca
1159 2827 1325 2872 Cypseli,
1356 2827 1537 2872 Olympiae
1555 2827 1715 2862 dedicata
1733 2827 1791 2861 Ol.
1820 2840 1824 2868 l

981 2872 1048 2915 49,
1068 2876 1098 2909 1.
1119 2885 1170 2913 a.,
1202 2881 1282 2906 unte
1304 2872 1344 2906 C.
1360 2872 1453 2914 584„
1470 2872 1530 2907 sed
1546 2873 1617 2917 Jam
1633 2880 1713 2908 ante
1731 2873 1788 2907 Ol.
1819 2894 1824 2921 ς

979 2921 1038 2960 30,
1059 2921 1092 2956 3.
1117 2919 1313 2959 elaborata,
1335 2931 1377 2953 ex
1398 2920 1500 2953 cedro
1523 2920 1635 2960 facta,
1657 2918 1790 2953 aureis-
1819 2937 1823 2964 l

981 2978 1049 3010 que
1067 2969 1103 3001 et
1114 2965 1272 3001 eburneis
1291 2965 1398 3010 signis
1418 2966 1593 3002 distincta.
1619 2965 1788 3012 Apollinis
