<?xml version="1.0" encoding="UTF-8"?>
<!DOCTYPE html PUBLIC "-//W3C//DTD XHTML 1.0 Transitional//EN"
    "http://www.w3.org/TR/xhtml1/DTD/xhtml1-transitional.dtd">
<html xmlns="http://www.w3.org/1999/xhtml" xml:lang="en" lang="en">
 <head>
  <title>
</title>
<meta http-equiv="Content-Type" content="text/html;charset=utf-8" />
  <meta name='ocr-system' content='tesseract 3.04.00' />
  <meta name='ocr-capabilities' content='ocr_page ocr_carea ocr_par ocr_line ocrx_word'/>
</head>
<body>
  <div class='ocr_page' id='page_1' title='image "./carmina02home_0074.png"; bbox 0 0 1877 3277; ppageno 0'>
   <div class='ocr_carea' id='block_1_1' title="bbox 127 127 209 167">
    <p class='ocr_par' dir='ltr' id='par_1_1' title="bbox 127 127 209 167">
     <span class='ocr_line' id='line_1_1' title="bbox 127 127 209 167; baseline 0 -1"><span class='ocrx_word' id='word_1_1' title='bbox 127 127 209 167; x_wconf 85' lang='lat'><strong>196</strong></span> 
     </span>
    </p>
   </div>
   <div class='ocr_carea' id='block_1_2' title="bbox 756 123 1156 167">
    <p class='ocr_par' dir='ltr' id='par_1_2' title="bbox 756 123 1156 167">
     <span class='ocr_line' id='line_1_2' title="bbox 756 123 1156 167; baseline 0.003 -1"><span class='ocrx_word' id='word_1_2' title='bbox 756 123 1156 167; x_wconf 69' lang='grc' dir='ltr'><strong>ΟΜΗΡΟΥ</strong></span> 
     </span>
    </p>
   </div>
   <div class='ocr_carea' id='block_1_3' title="bbox 176 228 1531 624">
    <p class='ocr_par' dir='ltr' id='par_1_3' title="bbox 176 228 1531 624">
     <span class='ocr_line' id='line_1_3' title="bbox 181 228 1273 304; baseline 0.003 -31"><span class='ocrx_word' id='word_1_3' title='bbox 181 233 263 280; x_wconf 83' lang='grc'><strong>675</strong></span> <span class='ocrx_word' id='word_1_4' title='bbox 291 228 386 274; x_wconf 80' lang='grc' dir='ltr'><strong><em>ὅττι</em></strong></span> <span class='ocrx_word' id='word_1_5' title='bbox 414 228 470 284; x_wconf 80' lang='grc' dir='ltr'><strong>ῥά</strong></span> <span class='ocrx_word' id='word_1_6' title='bbox 497 230 543 274; x_wconf 84' lang='grc' dir='ltr'><strong><em>οἱ</em></strong></span> <span class='ocrx_word' id='word_1_7' title='bbox 571 233 693 287; x_wconf 75' lang='grc' dir='ltr'><strong><em>νηῶν</em></strong></span> <span class='ocrx_word' id='word_1_8' title='bbox 720 230 791 275; x_wconf 84' lang='grc' dir='ltr'><strong>ἐπ’</strong></span> <span class='ocrx_word' id='word_1_9' title='bbox 823 230 1030 303; x_wconf 74' lang='grc' dir='ltr'><strong><em>αριστερᾷ</em></strong></span> <span class='ocrx_word' id='word_1_10' title='bbox 1060 232 1273 304; x_wconf 81' lang='grc' dir='ltr'><strong><em>δηϊόωντο</em></strong></span> 
     </span>
     <span class='ocr_line' id='line_1_4' title="bbox 290 284 1531 357; baseline 0.005 -29"><span class='ocrx_word' id='word_1_11' title='bbox 290 285 392 329; x_wconf 85' lang='grc' dir='ltr'><strong><em>λαοὶ</em></strong></span> <span class='ocrx_word' id='word_1_12' title='bbox 420 284 501 329; x_wconf 81' lang='grc' dir='ltr'><strong>ὑπ’</strong></span> <span class='ocrx_word' id='word_1_13' title='bbox 528 284 732 342; x_wconf 76' lang='grc' dir='ltr'><strong><em>Ἀργείων</em></strong></span> <span class='ocrx_word' id='word_1_14' title='bbox 763 287 894 357; x_wconf 79' lang='grc' dir='ltr'><strong><em>(τάχα</em></strong></span> <span class='ocrx_word' id='word_1_15' title='bbox 923 287 970 332; x_wconf 84' lang='grc' dir='ltr'><strong>δ’</strong></span> <span class='ocrx_word' id='word_1_16' title='bbox 1001 288 1058 332; x_wconf 91' lang='grc' dir='ltr'><strong>α“ν</strong></span> <span class='ocrx_word' id='word_1_17' title='bbox 1085 289 1159 332; x_wconf 82' lang='grc' dir='ltr'><strong>καὶ</strong></span> <span class='ocrx_word' id='word_1_18' title='bbox 1186 290 1323 338; x_wconf 82' lang='grc' dir='ltr'><strong><em>κῦδος</em></strong></span> <span class='ocrx_word' id='word_1_19' title='bbox 1352 287 1531 345; x_wconf 81' lang='grc' dir='ltr'><strong><em>Ἀχαιῶν</em></strong></span> 
     </span>
     <span class='ocr_line' id='line_1_5' title="bbox 289 342 1284 415; baseline 0.002 -30"><span class='ocrx_word' id='word_1_20' title='bbox 289 342 458 386; x_wconf 71' lang='grc' dir='ltr'><strong><em>ἔπλετο·</em></strong></span> <span class='ocrx_word' id='word_1_21' title='bbox 498 348 617 394; x_wconf 91' lang='grc' dir='ltr'><strong><em>τοῖος</em></strong></span> <span class='ocrx_word' id='word_1_22' title='bbox 643 343 728 398; x_wconf 77' lang='grc' dir='ltr'><strong><em>γὰρ</em></strong></span> <span class='ocrx_word' id='word_1_23' title='bbox 757 344 965 413; x_wconf 75' lang='grc' dir='ltr'><em>γαιήοχος</em></span> <span class='ocrx_word' id='word_1_24' title='bbox 989 343 1284 415; x_wconf 77' lang='grc' dir='ltr'><strong><em>Ἐννοσίγαιος</em></strong></span> 
     </span>
     <span class='ocr_line' id='line_1_6' title="bbox 291 396 1517 470; baseline 0.003 -30"><span class='ocrx_word' id='word_1_25' title='bbox 291 396 452 452; x_wconf 72' lang='grc' dir='ltr'><strong><em>ὤτρυν’</em></strong></span> <span class='ocrx_word' id='word_1_26' title='bbox 481 397 722 456; x_wconf 79' lang='grc' dir='ltr'><strong><em>Ἀργείους,</em></strong></span> <span class='ocrx_word' id='word_1_27' title='bbox 753 400 863 455; x_wconf 84' lang='grc' dir='ltr'><strong><em>πρὸς</em></strong></span> <span class='ocrx_word' id='word_1_28' title='bbox 893 401 940 444; x_wconf 80' lang='grc' dir='ltr'><strong>δὲ</strong></span> <span class='ocrx_word' id='word_1_29' title='bbox 971 401 1116 445; x_wconf 81' lang='grc' dir='ltr'><strong><em>σθένει</em></strong></span> <span class='ocrx_word' id='word_1_30' title='bbox 1146 400 1279 451; x_wconf 80' lang='grc' dir='ltr'><strong><em>αὐτὸς</em></strong></span> <span class='ocrx_word' id='word_1_31' title='bbox 1306 398 1517 470; x_wconf 87' lang='grc' dir='ltr'><strong><em>α’μυνεν),</em></strong></span> 
     </span>
     <span class='ocr_line' id='line_1_7' title="bbox 289 453 1477 512; baseline 0.002 -14"><span class='ocrx_word' id='word_1_32' title='bbox 289 453 387 498; x_wconf 76' lang='grc' dir='ltr'><strong><em>ἀλλ’</em></strong></span> <span class='ocrx_word' id='word_1_33' title='bbox 399 455 535 511; x_wconf 79' lang='grc' dir='ltr'><strong><em>ἔχεν,</em></strong></span> <span class='ocrx_word' id='word_1_34' title='bbox 568 457 594 512; x_wconf 83' lang='grc' dir='ltr'>ᾐ</span> <span class='ocrx_word' id='word_1_35' title='bbox 623 461 832 510; x_wconf 77' lang='grc' dir='ltr'><strong><em>ταπρῶτα</em></strong></span> <span class='ocrx_word' id='word_1_36' title='bbox 860 456 1001 508; x_wconf 84' lang='grc' dir='ltr'><em>πύλας</em></span> <span class='ocrx_word' id='word_1_37' title='bbox 1028 457 1103 500; x_wconf 85' lang='grc' dir='ltr'><strong>καὶ</strong></span> <span class='ocrx_word' id='word_1_38' title='bbox 1134 462 1200 501; x_wconf 87' lang='grc' dir='ltr'><strong>τεῖ</strong></span> <span class='ocrx_word' id='word_1_39' title='bbox 1224 473 1272 508; x_wconf 94' lang='grc' dir='ltr'><strong>ος</strong></span> <span class='ocrx_word' id='word_1_40' title='bbox 1299 456 1477 510; x_wconf 82' lang='grc' dir='ltr'><strong><em>ἐσᾶλτο,</em></strong></span> 
     </span>
     <span class='ocr_line' id='line_1_8' title="bbox 176 506 1456 583; baseline -0.001 -27"><span class='ocrx_word' id='word_1_41' title='bbox 176 517 259 557; x_wconf 90' lang='grc'><strong>680</strong></span> <span class='ocrx_word' id='word_1_42' title='bbox 291 506 531 583; x_wconf 75' lang='grc' dir='ltr'><strong><em>ρηξᾶμενος</em></strong></span> <span class='ocrx_word' id='word_1_43' title='bbox 562 516 756 555; x_wconf 77' lang='grc' dir='ltr'><strong><em>Δαναῶν</em></strong></span> <span class='ocrx_word' id='word_1_44' title='bbox 785 512 973 564; x_wconf 78' lang='grc' dir='ltr'><strong><em>πυκινὰς</em></strong></span> <span class='ocrx_word' id='word_1_45' title='bbox 1002 515 1149 570; x_wconf 91' lang='grc' dir='ltr'><strong><em>στίχας</em></strong></span> <span class='ocrx_word' id='word_1_46' title='bbox 1180 511 1456 564; x_wconf 81' lang='grc' dir='ltr'><strong><em>ασπιστάων,</em></strong></span> 
     </span>
     <span class='ocr_line' id='line_1_9' title="bbox 287 565 1410 624; baseline 0 -13"><span class='ocrx_word' id='word_1_47' title='bbox 287 565 385 611; x_wconf 79' lang='grc' dir='ltr'><strong><em>ἔνθ’</em></strong></span> <span class='ocrx_word' id='word_1_48' title='bbox 418 568 523 611; x_wconf 80' lang='grc' dir='ltr'><strong><em>ἕσαν</em></strong></span> <span class='ocrx_word' id='word_1_49' title='bbox 554 567 745 619; x_wconf 81' lang='grc' dir='ltr'><strong><em>Αἴαντός</em></strong></span> <span class='ocrx_word' id='word_1_50' title='bbox 773 585 818 612; x_wconf 92' lang='grc' dir='ltr'><strong>τε</strong></span> <span class='ocrx_word' id='word_1_51' title='bbox 846 568 941 619; x_wconf 80' lang='grc' dir='ltr'><strong><em>νέες</em></strong></span> <span class='ocrx_word' id='word_1_52' title='bbox 968 571 1043 613; x_wconf 85' lang='grc' dir='ltr'><strong>καὶ</strong></span> <span class='ocrx_word' id='word_1_53' title='bbox 1074 567 1410 624; x_wconf 81' lang='grc' dir='ltr'><strong><em>Πρωτεσιλάου,</em></strong></span> 
     </span>
    </p>
   </div>
   <div class='ocr_carea' id='block_1_4' title="bbox 288 621 497 679">
    <p class='ocr_par' dir='ltr' id='par_1_4' title="bbox 288 621 497 679">
     <span class='ocr_line' id='line_1_10' title="bbox 288 621 497 679; baseline 0 -12"><span class='ocrx_word' id='word_1_54' title='bbox 288 621 388 667; x_wconf 84' lang='grc' dir='ltr'><strong><em>θῖν’</em></strong></span> <span class='ocrx_word' id='word_1_55' title='bbox 421 622 497 679; x_wconf 72' lang='grc' dir='ltr'><strong>ἔφ’</strong></span> 
     </span>
    </p>
   </div>
   <div class='ocr_carea' id='block_1_5' title="bbox 531 622 1462 681">
    <p class='ocr_par' dir='ltr' id='par_1_5' title="bbox 531 622 1462 681">
     <span class='ocr_line' id='line_1_11' title="bbox 531 622 1462 681; baseline 0.004 -16"><span class='ocrx_word' id='word_1_56' title='bbox 531 622 636 674; x_wconf 82' lang='grc' dir='ltr'><strong><em>ἁλὸς</em></strong></span> <span class='ocrx_word' id='word_1_57' title='bbox 665 629 822 681; x_wconf 83' lang='grc' dir='ltr'><strong><em>πολιῆς</em></strong></span> <span class='ocrx_word' id='word_1_58' title='bbox 851 625 1097 680; x_wconf 80' lang='grc' dir='ltr'><strong><em>εἰρυμέναι,</em></strong></span> <span class='ocrx_word' id='word_1_59' title='bbox 1129 625 1267 680; x_wconf 81' lang='grc' dir='ltr'><strong><em>αὐτὰρ</em></strong></span> <span class='ocrx_word' id='word_1_60' title='bbox 1297 625 1462 679; x_wconf 79' lang='grc' dir='ltr'><strong><em>ὕπερθε</em></strong></span> 
     </span>
    </p>
   </div>
   <div class='ocr_carea' id='block_1_6' title="bbox 284 677 1412 809">
    <p class='ocr_par' dir='ltr' id='par_1_6' title="bbox 284 677 1412 794">
     <span class='ocr_line' id='line_1_12' title="bbox 284 677 1412 751; baseline 0.003 -29"><span class='ocrx_word' id='word_1_61' title='bbox 284 685 421 735; x_wconf 88' lang='grc' dir='ltr'><strong><em>τεῖχος</em></strong></span> <span class='ocrx_word' id='word_1_62' title='bbox 451 677 657 751; x_wconf 81' lang='grc' dir='ltr'><strong><em>ἐδέδμητο</em></strong></span> <span class='ocrx_word' id='word_1_63' title='bbox 687 682 1058 751; x_wconf 83' lang='grc' dir='ltr'><strong><em>χθαμαλώτατον,</em></strong></span> <span class='ocrx_word' id='word_1_64' title='bbox 1089 682 1199 726; x_wconf 81' lang='grc' dir='ltr'><strong><em>ε’νθα</em></strong></span> <span class='ocrx_word' id='word_1_65' title='bbox 1229 680 1412 737; x_wconf 81' lang='grc' dir='ltr'><strong><em>μάλιστα</em></strong></span> 
     </span>
     <span class='ocr_line' id='line_1_13' title="bbox 288 736 1369 809; baseline 0.003 -31"><span class='ocrx_word' id='word_1_66' title='bbox 288 740 481 806; x_wconf 80' lang='grc' dir='ltr'><strong><em>ζαχρηεῖς</em></strong></span> <span class='ocrx_word' id='word_1_67' title='bbox 512 738 714 790; x_wconf 89' lang='grc' dir='ltr'><strong><em>γίγνοντο</em></strong></span> <span class='ocrx_word' id='word_1_68' title='bbox 744 737 859 809; x_wconf 82' lang='grc' dir='ltr'><strong><em>μάχῃ</em></strong></span> <span class='ocrx_word' id='word_1_69' title='bbox 891 736 1018 781; x_wconf 80' lang='grc' dir='ltr'><strong><em>αὐτοί</em></strong></span> <span class='ocrx_word' id='word_1_70' title='bbox 1049 754 1095 781; x_wconf 91' lang='grc' dir='ltr'><strong>τε</strong></span> <span class='ocrx_word' id='word_1_71' title='bbox 1125 739 1199 781; x_wconf 84' lang='grc' dir='ltr'><strong>καὶ</strong></span> <span class='ocrx_word' id='word_1_72' title='bbox 1229 740 1369 782; x_wconf 84' lang='grc' dir='ltr'><strong><em>ἴ.πποι</em></strong></span> 
     </span>
    </p>
   </div>
   <div class='ocr_carea' id='block_1_7' title="bbox 171 796 256 839">
    <p class='ocr_par' dir='ltr' id='par_1_7' title="bbox 171 796 256 839">
     <span class='ocr_line' id='line_1_14' title="bbox 171 796 256 839; baseline 0.024 -2"><span class='ocrx_word' id='word_1_73' title='bbox 171 796 256 839; x_wconf 88' lang='grc'><strong>685</strong></span> 
     </span>
    </p>
   </div>
   <div class='ocr_carea' id='block_1_8' title="bbox 329 792 1410 866">
    <p class='ocr_par' dir='ltr' id='par_1_8' title="bbox 329 792 1410 866">
     <span class='ocr_line' id='line_1_15' title="bbox 329 792 1410 866; baseline 0.002 -31.024"><span class='ocrx_word' id='word_1_74' title='bbox 329 793 473 836; x_wconf 82' lang='grc' dir='ltr'><strong><em>Ἔνθα</em></strong></span> <span class='ocrx_word' id='word_1_75' title='bbox 504 792 550 836; x_wconf 82' lang='grc' dir='ltr'><strong>δὲ</strong></span> <span class='ocrx_word' id='word_1_76' title='bbox 579 794 791 846; x_wconf 88' lang='grc' dir='ltr'><strong><em>Βοιωτοὶ,</em></strong></span> <span class='ocrx_word' id='word_1_77' title='bbox 825 795 899 837; x_wconf 88' lang='grc' dir='ltr'><strong>καὶ</strong></span> <span class='ocrx_word' id='word_1_78' title='bbox 924 793 1086 845; x_wconf 80' lang='grc' dir='ltr'><strong><em>Ἰάονες</em></strong></span> <span class='ocrx_word' id='word_1_79' title='bbox 1116 794 1410 866; x_wconf 87' lang='grc' dir='ltr'><strong><em>ελκεχίτωνες,</em></strong></span> 
     </span>
    </p>
   </div>
   <div class='ocr_carea' id='block_1_9' title="bbox 275 849 1414 907">
    <p class='ocr_par' dir='ltr' id='par_1_9' title="bbox 275 849 1414 907">
     <span class='ocr_line' id='line_1_16' title="bbox 275 849 1414 907; baseline 0.001 -15"><span class='ocrx_word' id='word_1_80' title='bbox 275 849 462 904; x_wconf 85' lang='grc' dir='ltr'><strong><em>Λοκροὶ,</em></strong></span> <span class='ocrx_word' id='word_1_81' title='bbox 493 849 568 893; x_wconf 83' lang='grc' dir='ltr'><strong>καὶ</strong></span> <span class='ocrx_word' id='word_1_82' title='bbox 603 853 758 903; x_wconf 85' lang='grc' dir='ltr'><strong><em>Φθιοι,</em></strong></span> <span class='ocrx_word' id='word_1_83' title='bbox 797 851 872 894; x_wconf 83' lang='grc' dir='ltr'><strong>καὶ</strong></span> <span class='ocrx_word' id='word_1_84' title='bbox 902 850 1208 907; x_wconf 84' lang='grc' dir='ltr'><strong><em>φαιδιμόεντες</em></strong></span> <span class='ocrx_word' id='word_1_85' title='bbox 1234 850 1414 903; x_wconf 88' lang='grc' dir='ltr'><strong><em>Ἐπειοὶ,</em></strong></span> 
     </span>
    </p>
   </div>
   <div class='ocr_carea' id='block_1_10' title="bbox 95 949 922 3021">
    <p class='ocr_par' dir='ltr' id='par_1_10' title="bbox 95 949 922 3021">
     <span class='ocr_line' id='line_1_17' title="bbox 116 949 921 996; baseline 0.005 -12"><span class='ocrx_word' id='word_1_86' title='bbox 116 968 160 975; x_wconf 88' lang='grc'><strong>-</strong></span> <span class='ocrx_word' id='word_1_87' title='bbox 184 952 309 996; x_wconf 75' lang='grc' dir='ltr'><strong><em>νηῶν</em></strong></span> <span class='ocrx_word' id='word_1_88' title='bbox 333 949 403 986; x_wconf 81' lang='grc' dir='ltr'><strong>ἐπ’</strong></span> <span class='ocrx_word' id='word_1_89' title='bbox 428 949 496 995; x_wconf 75' lang='grc' dir='ltr'><strong>ἄρ.</strong></span> <span class='ocrx_word' id='word_1_90' title='bbox 528 950 578 996; x_wconf 86' lang='grc' dir='ltr'><strong>μ’,</strong></span> <span class='ocrx_word' id='word_1_91' title='bbox 605 955 751 989; x_wconf 85' lang='lat' dir='ltr'><strong>118etc.</strong></span> <span class='ocrx_word' id='word_1_92' title='bbox 775 971 821 978; x_wconf 92' lang='lat'><strong>—-</strong></span> <span class='ocrx_word' id='word_1_93' title='bbox 844 955 921 988; x_wconf 83' lang='grc' dir='ltr'><strong>κῦ-</strong></span> 
     </span>
     <span class='ocr_line' id='line_1_18' title="bbox 95 997 922 1043; baseline 0.005 -13"><span class='ocrx_word' id='word_1_94' title='bbox 95 997 221 1038; x_wconf 37' lang='grc' dir='ltr'><strong><em>νδος,</em></strong></span> <span class='ocrx_word' id='word_1_95' title='bbox 253 999 375 1041; x_wconf 80' lang='lat' dir='ltr'><strong>decus,</strong></span> <span class='ocrx_word' id='word_1_96' title='bbox 399 998 557 1032; x_wconf 79' lang='lat' dir='ltr'><strong>victoria.</strong></span> <span class='ocrx_word' id='word_1_97' title='bbox 592 1018 637 1024; x_wconf 92' lang='lat'>—</span> <span class='ocrx_word' id='word_1_98' title='bbox 672 1000 772 1033; x_wconf 83' lang='lat' dir='ltr'><strong>Sch.·</strong></span> <span class='ocrx_word' id='word_1_99' title='bbox 803 999 922 1043; x_wconf 78' lang='grc' dir='ltr'><strong><em>πρὸς</em></strong></span> 
     </span>
     <span class='ocr_line' id='line_1_19' title="bbox 114 1023 922 1102; baseline 0.005 -25"><span class='ocrx_word' id='word_1_100' title='bbox 114 1062 159 1067; x_wconf 88' lang='grc'>-</span> <span class='ocrx_word' id='word_1_101' title='bbox 179 1023 376 1086; x_wconf 82' lang='grc' dir='ltr'><strong><em>ἄμυνεν.</em></strong></span> <span class='ocrx_word' id='word_1_102' title='bbox 409 1044 717 1102; x_wconf 79' lang='grc' dir='ltr'><strong><em>προσεβοήθησε</em></strong></span> <span class='ocrx_word' id='word_1_103' title='bbox 708 1044 749 1080; x_wconf 80' lang='grc' dir='ltr'><strong>δε</strong></span> <span class='ocrx_word' id='word_1_104' title='bbox 772 1046 835 1081; x_wconf 84' lang='grc' dir='ltr'><strong>καὶ</strong></span> <span class='ocrx_word' id='word_1_105' title='bbox 855 1060 922 1080; x_wconf 87' lang='grc' dir='ltr'><strong>αυ-</strong></span> 
     </span>
     <span class='ocr_line' id='line_1_20' title="bbox 112 1086 921 1147; baseline 0.004 -25"><span class='ocrx_word' id='word_1_106' title='bbox 112 1086 177 1128; x_wconf 78' lang='grc' dir='ltr'><strong>τὸς</strong></span> <span class='ocrx_word' id='word_1_107' title='bbox 199 1091 256 1147; x_wconf 89' lang='grc' dir='ltr'><strong>τῇ</strong></span> <span class='ocrx_word' id='word_1_108' title='bbox 271 1089 425 1133; x_wconf 80' lang='grc' dir='ltr'><strong><em>δυνάμει</em></strong></span> <span class='ocrx_word' id='word_1_109' title='bbox 451 1090 582 1126; x_wconf 80' lang='grc' dir='ltr'><strong><em>αὐτοῦ.</em></strong></span> <span class='ocrx_word' id='word_1_110' title='bbox 617 1111 662 1116; x_wconf 91' lang='grc'>-</span> <span class='ocrx_word' id='word_1_111' title='bbox 695 1087 921 1146; x_wconf 77' lang='grc' dir='ltr'><strong><em>ᾗ-ἐσιῖλ-</em></strong></span> 
     </span>
     <span class='ocr_line' id='line_1_21' title="bbox 111 1134 921 1181; baseline 0.008 -13"><span class='ocrx_word' id='word_1_112' title='bbox 111 1147 177 1169; x_wconf 84' lang='grc' dir='ltr'><strong>το.</strong></span> <span class='ocrx_word' id='word_1_113' title='bbox 217 1134 266 1179; x_wconf 88' lang='grc' dir='ltr'><strong>μ’,</strong></span> <span class='ocrx_word' id='word_1_114' title='bbox 301 1136 381 1172; x_wconf 75' lang='grc'><strong><em>462.</em></strong></span> <span class='ocrx_word' id='word_1_115' title='bbox 406 1155 450 1162; x_wconf 89' lang='grc'><strong>-</strong></span> <span class='ocrx_word' id='word_1_116' title='bbox 487 1139 727 1181; x_wconf 80' lang='grc' dir='ltr'><strong><em>ζαχρηεῖς.</em></strong></span> <span class='ocrx_word' id='word_1_117' title='bbox 773 1137 811 1179; x_wconf 88' lang='grc' dir='ltr'><strong>ε’,</strong></span> <span class='ocrx_word' id='word_1_118' title='bbox 840 1140 921 1174; x_wconf 78' lang='grc'><strong><em>525.</em></strong></span> 
     </span>
     <span class='ocr_line' id='line_1_22' title="bbox 111 1184 921 1227; baseline 0.005 -13"><span class='ocrx_word' id='word_1_119' title='bbox 111 1191 179 1224; x_wconf 88' lang='lat' dir='ltr'><strong>qua</strong></span> <span class='ocrx_word' id='word_1_120' title='bbox 215 1190 314 1227; x_wconf 89' lang='lat' dir='ltr'><strong>parte</strong></span> <span class='ocrx_word' id='word_1_121' title='bbox 355 1194 472 1216; x_wconf 90' lang='lat' dir='ltr'><strong>murus</strong></span> <span class='ocrx_word' id='word_1_122' title='bbox 505 1184 706 1217; x_wconf 86' lang='lat' dir='ltr'><strong>humillimus</strong></span> <span class='ocrx_word' id='word_1_123' title='bbox 741 1190 837 1225; x_wconf 88' lang='lat' dir='ltr'><strong>erat,</strong></span> <span class='ocrx_word' id='word_1_124' title='bbox 880 1197 921 1219; x_wconf 87' lang='lat' dir='ltr'><strong>ea</strong></span> 
     </span>
     <span class='ocr_line' id='line_1_23' title="bbox 112 1228 920 1272; baseline 0.004 -12"><span class='ocrx_word' id='word_1_125' title='bbox 112 1231 211 1271; x_wconf 85' lang='lat' dir='ltr'><strong>parte</strong></span> <span class='ocrx_word' id='word_1_126' title='bbox 241 1228 310 1271; x_wconf 88' lang='lat' dir='ltr'><strong>jam</strong></span> <span class='ocrx_word' id='word_1_127' title='bbox 345 1231 509 1262; x_wconf 74' lang='lat' dir='ltr'>acerrime</span> <span class='ocrx_word' id='word_1_128' title='bbox 542 1236 728 1272; x_wconf 82' lang='lat' dir='ltr'><strong>pugnatum</strong></span> <span class='ocrx_word' id='word_1_129' title='bbox 761 1242 838 1263; x_wconf 88' lang='lat' dir='ltr'><strong>esse</strong></span> <span class='ocrx_word' id='word_1_130' title='bbox 870 1231 920 1264; x_wconf 88' lang='lat' dir='ltr'><strong>ait</strong></span> 
     </span>
     <span class='ocr_line' id='line_1_24' title="bbox 111 1274 918 1316; baseline 0.005 -11"><span class='ocrx_word' id='word_1_131' title='bbox 111 1278 255 1316; x_wconf 85' lang='lat' dir='ltr'><strong>propter</strong></span> <span class='ocrx_word' id='word_1_132' title='bbox 288 1274 420 1307; x_wconf 80' lang='lat' dir='ltr'><strong>facilem</strong></span> <span class='ocrx_word' id='word_1_133' title='bbox 453 1280 488 1307; x_wconf 91' lang='lat' dir='ltr'><strong>et</strong></span> <span class='ocrx_word' id='word_1_134' title='bbox 517 1276 667 1309; x_wconf 85' lang='lat' dir='ltr'><strong>virorum</strong></span> <span class='ocrx_word' id='word_1_135' title='bbox 701 1280 736 1309; x_wconf 86' lang='lat' dir='ltr'><strong>et</strong></span> <span class='ocrx_word' id='word_1_136' title='bbox 759 1287 918 1310; x_wconf 86' lang='lat' dir='ltr'><strong>curruum</strong></span> 
     </span>
     <span class='ocr_line' id='line_1_25' title="bbox 111 1318 916 1357; baseline 0.006 -5"><span class='ocrx_word' id='word_1_137' title='bbox 111 1318 306 1352; x_wconf 88' lang='lat' dir='ltr'><strong>bellicorum</strong></span> <span class='ocrx_word' id='word_1_138' title='bbox 344 1330 530 1354; x_wconf 89' lang='lat' dir='ltr'><strong>accessum.</strong></span> <span class='ocrx_word' id='word_1_139' title='bbox 594 1322 640 1354; x_wconf 87' lang='lat' dir='ltr'><strong>cf.</strong></span> <span class='ocrx_word' id='word_1_140' title='bbox 666 1333 742 1354; x_wconf 89' lang='lat' dir='ltr'><strong>ann.</strong></span> <span class='ocrx_word' id='word_1_141' title='bbox 768 1322 812 1355; x_wconf 88' lang='lat' dir='ltr'><strong>ad</strong></span> <span class='ocrx_word' id='word_1_142' title='bbox 836 1321 916 1357; x_wconf 82' lang='lat'><strong>749.</strong></span> 
     </span>
     <span class='ocr_line' id='line_1_26' title="bbox 156 1363 917 1408; baseline 0.004 -9"><span class='ocrx_word' id='word_1_143' title='bbox 156 1366 235 1399; x_wconf 87' lang='grc'><strong><em>685.</em></strong></span> <span class='ocrx_word' id='word_1_144' title='bbox 281 1363 469 1406; x_wconf 80' lang='grc' dir='ltr'><strong><em>Ἰάονες.</em></strong></span> <span class='ocrx_word' id='word_1_145' title='bbox 521 1366 644 1408; x_wconf 89' lang='lat' dir='ltr'><strong>Iones,</strong></span> <span class='ocrx_word' id='word_1_146' title='bbox 680 1367 917 1402; x_wconf 77' lang='lat' dir='ltr'><strong>Athenienses.</strong></span> 
     </span>
     <span class='ocr_line' id='line_1_27' title="bbox 109 1409 916 1453; baseline 0.007 -10"><span class='ocrx_word' id='word_1_147' title='bbox 109 1409 239 1444; x_wconf 86' lang='lat' dir='ltr'><strong>Herod.</strong></span> <span class='ocrx_word' id='word_1_148' title='bbox 266 1412 306 1452; x_wconf 85' lang='lat'><strong>8,</strong></span> <span class='ocrx_word' id='word_1_149' title='bbox 331 1410 405 1446; x_wconf 85' lang='lat'><strong>44.:</strong></span> <span class='ocrx_word' id='word_1_150' title='bbox 441 1411 572 1453; x_wconf 83' lang='grc' dir='ltr'><strong><em>Ἴωνος</em></strong></span> <span class='ocrx_word' id='word_1_151' title='bbox 597 1411 637 1448; x_wconf 81' lang='grc' dir='ltr'><strong>δε</strong></span> <span class='ocrx_word' id='word_1_152' title='bbox 665 1414 732 1448; x_wconf 82' lang='grc' dir='ltr'><strong>τοῦ</strong></span> <span class='ocrx_word' id='word_1_153' title='bbox 755 1412 916 1451; x_wconf 79' lang='grc' dir='ltr'><strong><em>Ξούθου</em></strong></span> 
     </span>
     <span class='ocr_line' id='line_1_28' title="bbox 109 1458 916 1518; baseline 0.006 -27"><span class='ocrx_word' id='word_1_154' title='bbox 109 1467 346 1514; x_wconf 86' lang='grc' dir='ltr'><strong><em>στραταρχεω</em></strong></span> <span class='ocrx_word' id='word_1_155' title='bbox 364 1459 561 1514; x_wconf 75' lang='grc' dir='ltr'><strong><em>γενομένου</em></strong></span> <span class='ocrx_word' id='word_1_156' title='bbox 586 1458 843 1518; x_wconf 80' lang='grc' dir='ltr'><strong><em>Ἀθηναίοισι,</em></strong></span> <span class='ocrx_word' id='word_1_157' title='bbox 881 1459 916 1496; x_wconf 83' lang='grc' dir='ltr'><strong>ἐ-</strong></span> 
     </span>
     <span class='ocr_line' id='line_1_29' title="bbox 108 1486 916 1547; baseline 0.005 -11"><span class='ocrx_word' id='word_1_158' title='bbox 108 1502 299 1547; x_wconf 80' lang='grc' dir='ltr'><strong><em>κλήθησαν</em></strong></span> <span class='ocrx_word' id='word_1_159' title='bbox 324 1502 399 1539; x_wconf 85' lang='grc' dir='ltr'><strong><em>α’πὸ</em></strong></span> <span class='ocrx_word' id='word_1_160' title='bbox 425 1503 562 1539; x_wconf 85' lang='grc' dir='ltr'><strong><em>τούτου</em></strong></span> <span class='ocrx_word' id='word_1_161' title='bbox 586 1504 720 1546; x_wconf 82' lang='grc' dir='ltr'><strong><em>”.Ιωνες</em></strong></span> <span class='ocrx_word' id='word_1_162' title='bbox 768 1486 853 1539; x_wconf 82' lang='lat' dir='ltr'><strong>nihi’l</strong></span> <span class='ocrx_word' id='word_1_163' title='bbox 872 1507 916 1540; x_wconf 93' lang='lat' dir='ltr'><strong>ad</strong></span> 
     </span>
     <span class='ocr_line' id='line_1_30' title="bbox 109 1550 916 1595; baseline 0.005 -13"><span class='ocrx_word' id='word_1_164' title='bbox 109 1560 178 1582; x_wconf 91' lang='lat' dir='ltr'><strong>rem</strong></span> <span class='ocrx_word' id='word_1_165' title='bbox 212 1550 316 1590; x_wconf 84' lang='lat' dir='ltr'><strong>facit,</strong></span> <span class='ocrx_word' id='word_1_166' title='bbox 359 1550 448 1595; x_wconf 90' lang='lat' dir='ltr'><strong>quod</strong></span> <span class='ocrx_word' id='word_1_167' title='bbox 482 1550 594 1585; x_wconf 83' lang='lat' dir='ltr'><strong>multis</strong></span> <span class='ocrx_word' id='word_1_168' title='bbox 629 1559 711 1585; x_wconf 87' lang='lat' dir='ltr'><strong>ante</strong></span> <span class='ocrx_word' id='word_1_169' title='bbox 743 1553 916 1586; x_wconf 84' lang='lat' dir='ltr'><strong>aetatibus</strong></span> 
     </span>
     <span class='ocr_line' id='line_1_31' title="bbox 107 1595 916 1643; baseline 0.005 -15"><span class='ocrx_word' id='word_1_170' title='bbox 107 1595 208 1628; x_wconf 85' lang='lat' dir='ltr'><strong>Iones</strong></span> <span class='ocrx_word' id='word_1_171' title='bbox 233 1607 275 1629; x_wconf 84' lang='lat' dir='ltr'><strong>ex</strong></span> <span class='ocrx_word' id='word_1_172' title='bbox 292 1596 409 1630; x_wconf 89' lang='lat' dir='ltr'><strong>Attica</strong></span> <span class='ocrx_word' id='word_1_173' title='bbox 433 1597 582 1641; x_wconf 88' lang='lat' dir='ltr'><strong>profecti</strong></span> <span class='ocrx_word' id='word_1_174' title='bbox 604 1597 811 1642; x_wconf 83' lang='lat' dir='ltr'><strong>Aegialeam,</strong></span> <span class='ocrx_word' id='word_1_175' title='bbox 837 1604 916 1643; x_wconf 87' lang='lat' dir='ltr'><strong>post</strong></span> 
     </span>
     <span class='ocr_line' id='line_1_32' title="bbox 107 1641 914 1686; baseline 0.004 -12"><span class='ocrx_word' id='word_1_176' title='bbox 107 1641 269 1685; x_wconf 86' lang='lat' dir='ltr'><strong>Achajam</strong></span> <span class='ocrx_word' id='word_1_177' title='bbox 293 1641 441 1683; x_wconf 88' lang='lat' dir='ltr'><strong>dictam,</strong></span> <span class='ocrx_word' id='word_1_178' title='bbox 465 1642 715 1677; x_wconf 85' lang='lat' dir='ltr'><strong>inhabitarunt.</strong></span> <span class='ocrx_word' id='word_1_179' title='bbox 741 1644 861 1686; x_wconf 89' lang='lat' dir='ltr'><strong>(Paus.</strong></span> <span class='ocrx_word' id='word_1_180' title='bbox 879 1645 914 1686; x_wconf 87' lang='lat'><strong>7,</strong></span> 
     </span>
     <span class='ocr_line' id='line_1_33' title="bbox 108 1685 913 1743; baseline 0.005 -23"><span class='ocrx_word' id='word_1_181' title='bbox 108 1688 151 1728; x_wconf 90' lang='lat'><strong>1,</strong></span> <span class='ocrx_word' id='word_1_182' title='bbox 182 1689 217 1721; x_wconf 76' lang='lat'><strong>2.</strong></span> <span class='ocrx_word' id='word_1_183' title='bbox 230 1712 241 1729; x_wconf 84' lang='lat'><strong><em>‚</em></strong></span> <span class='ocrx_word' id='word_1_184' title='bbox 274 1699 352 1721; x_wconf 82' lang='lat' dir='ltr'><strong>ann.</strong></span> <span class='ocrx_word' id='word_1_185' title='bbox 377 1689 422 1722; x_wconf 87' lang='lat' dir='ltr'><strong>ad</strong></span> <span class='ocrx_word' id='word_1_186' title='bbox 454 1685 501 1733; x_wconf 88' lang='grc' dir='ltr'><strong><em>β,</em></strong></span> <span class='ocrx_word' id='word_1_187' title='bbox 533 1690 634 1743; x_wconf 86' lang='grc'><strong><em>575.)</em></strong></span> <span class='ocrx_word' id='word_1_188' title='bbox 666 1689 791 1723; x_wconf 88' lang='lat' dir='ltr'><strong>mansit</strong></span> <span class='ocrx_word' id='word_1_189' title='bbox 824 1690 913 1724; x_wconf 89' lang='lat' dir='ltr'><strong>enim</strong></span> 
     </span>
     <span class='ocr_line' id='line_1_34' title="bbox 107 1733 914 1788; baseline 0.005 -23"><span class='ocrx_word' id='word_1_190' title='bbox 107 1733 200 1766; x_wconf 89' lang='lat' dir='ltr'><strong>haud</strong></span> <span class='ocrx_word' id='word_1_191' title='bbox 227 1734 329 1768; x_wconf 89' lang='lat' dir='ltr'><strong>dubie</strong></span> <span class='ocrx_word' id='word_1_192' title='bbox 361 1744 444 1788; x_wconf 89' lang='lat' dir='ltr'><strong>pars</strong></span> <span class='ocrx_word' id='word_1_193' title='bbox 475 1745 589 1768; x_wconf 87' lang='lat' dir='ltr'><strong>eorum</strong></span> <span class='ocrx_word' id='word_1_194' title='bbox 622 1735 657 1768; x_wconf 90' lang='lat' dir='ltr'><strong>in</strong></span> <span class='ocrx_word' id='word_1_195' title='bbox 683 1735 818 1776; x_wconf 83' lang='lat' dir='ltr'><strong>Attica,</strong></span> <span class='ocrx_word' id='word_1_196' title='bbox 851 1736 914 1769; x_wconf 85' lang='lat' dir='ltr'><strong>sed</strong></span> 
     </span>
     <span class='ocr_line' id='line_1_35' title="bbox 105 1778 913 1826; baseline 0.004 -14"><span class='ocrx_word' id='word_1_197' title='bbox 105 1778 155 1812; x_wconf 87' lang='lat' dir='ltr'><strong>ibi</strong></span> <span class='ocrx_word' id='word_1_198' title='bbox 179 1790 316 1824; x_wconf 87' lang='lat' dir='ltr'><strong>quoqne</strong></span> <span class='ocrx_word' id='word_1_199' title='bbox 337 1780 441 1813; x_wconf 84' lang='lat' dir='ltr'><strong>mixta</strong></span> <span class='ocrx_word' id='word_1_200' title='bbox 466 1791 540 1813; x_wconf 90' lang='lat' dir='ltr'><strong>cum</strong></span> <span class='ocrx_word' id='word_1_201' title='bbox 565 1780 740 1825; x_wconf 85' lang='lat' dir='ltr'><strong>Pelasgis,</strong></span> <span class='ocrx_word' id='word_1_202' title='bbox 764 1782 808 1814; x_wconf 87' lang='lat' dir='ltr'><strong>ad</strong></span> <span class='ocrx_word' id='word_1_203' title='bbox 829 1793 913 1826; x_wconf 84' lang='lat' dir='ltr'><strong>quos</strong></span> 
     </span>
     <span class='ocr_line' id='line_1_36' title="bbox 106 1824 915 1871; baseline 0.004 -14"><span class='ocrx_word' id='word_1_204' title='bbox 106 1824 230 1858; x_wconf 87' lang='lat' dir='ltr'><strong>deinde</strong></span> <span class='ocrx_word' id='word_1_205' title='bbox 286 1825 386 1859; x_wconf 86' lang='lat' dir='ltr'><strong>Iones</strong></span> <span class='ocrx_word' id='word_1_206' title='bbox 444 1825 685 1870; x_wconf 80' lang='lat' dir='ltr'><strong>Aegialenses‚</strong></span> <span class='ocrx_word' id='word_1_207' title='bbox 743 1833 915 1871; x_wconf 83' lang='lat' dir='ltr'><strong>quotquot</strong></span> 
     </span>
     <span class='ocr_line' id='line_1_37' title="bbox 106 1871 914 1913; baseline 0.002 -10"><span class='ocrx_word' id='word_1_208' title='bbox 106 1871 251 1904; x_wconf 82' lang='lat' dir='ltr'><strong>Achaeis</strong></span> <span class='ocrx_word' id='word_1_209' title='bbox 285 1872 410 1905; x_wconf 87' lang='lat' dir='ltr'><strong>cedere</strong></span> <span class='ocrx_word' id='word_1_210' title='bbox 446 1873 557 1907; x_wconf 88' lang='lat' dir='ltr'><strong>coacti</strong></span> <span class='ocrx_word' id='word_1_211' title='bbox 589 1878 692 1913; x_wconf 86' lang='lat' dir='ltr'><strong>sunt,</strong></span> <span class='ocrx_word' id='word_1_212' title='bbox 740 1875 830 1906; x_wconf 84' lang='lat' dir='ltr'><strong>sicut</strong></span> <span class='ocrx_word' id='word_1_213' title='bbox 863 1873 914 1906; x_wconf 84' lang='lat' dir='ltr'><strong>illi</strong></span> 
     </span>
     <span class='ocr_line' id='line_1_38' title="bbox 105 1916 912 1964; baseline 0.004 -15"><span class='ocrx_word' id='word_1_214' title='bbox 105 1916 351 1959; x_wconf 85' lang='lat' dir='ltr'><strong>Doriensibus,</strong></span> <span class='ocrx_word' id='word_1_215' title='bbox 408 1928 446 1952; x_wconf 88' lang='lat' dir='ltr'><strong>se</strong></span> <span class='ocrx_word' id='word_1_216' title='bbox 488 1922 708 1964; x_wconf 88' lang='lat' dir='ltr'><strong>receperunt.</strong></span> <span class='ocrx_word' id='word_1_217' title='bbox 775 1919 912 1953; x_wconf 82' lang='lat' dir='ltr'><strong>Verbo:</strong></span> 
     </span>
     <span class='ocr_line' id='line_1_39' title="bbox 106 1963 913 2005; baseline 0.002 -9"><span class='ocrx_word' id='word_1_218' title='bbox 106 1963 203 1996; x_wconf 83' lang='lat' dir='ltr'><strong>lones</strong></span> <span class='ocrx_word' id='word_1_219' title='bbox 217 1968 322 2005; x_wconf 62' lang='lat' dir='ltr'><strong>suere</strong></span> <span class='ocrx_word' id='word_1_220' title='bbox 341 1964 584 2005; x_wconf 79' lang='lat' dir='ltr'><strong>Athenienses,</strong></span> <span class='ocrx_word' id='word_1_221' title='bbox 607 1968 708 1998; x_wconf 88' lang='lat' dir='ltr'><strong>etiam</strong></span> <span class='ocrx_word' id='word_1_222' title='bbox 726 1965 807 1998; x_wconf 85' lang='lat' dir='ltr'><strong>belli</strong></span> <span class='ocrx_word' id='word_1_223' title='bbox 820 1965 913 1998; x_wconf 88' lang='lat' dir='ltr'><strong>Tro-</strong></span> 
     </span>
     <span class='ocr_line' id='line_1_40' title="bbox 102 2009 914 2054; baseline 0.004 -13"><span class='ocrx_word' id='word_1_224' title='bbox 102 2009 177 2053; x_wconf 86' lang='lat' dir='ltr'><strong>jani</strong></span> <span class='ocrx_word' id='word_1_225' title='bbox 201 2015 381 2054; x_wconf 85' lang='lat' dir='ltr'><strong>tempore,</strong></span> <span class='ocrx_word' id='word_1_226' title='bbox 418 2015 453 2043; x_wconf 87' lang='lat' dir='ltr'><strong>et</strong></span> <span class='ocrx_word' id='word_1_227' title='bbox 483 2012 708 2044; x_wconf 82' lang='lat' dir='ltr'><strong>Athenienses</strong></span> <span class='ocrx_word' id='word_1_228' title='bbox 733 2016 823 2044; x_wconf 84' lang='lat' dir='ltr'><strong>recte</strong></span> <span class='ocrx_word' id='word_1_229' title='bbox 848 2023 914 2054; x_wconf 84' lang='lat' dir='ltr'><strong>ap-</strong></span> 
     </span>
     <span class='ocr_line' id='line_1_41' title="bbox 104 2055 912 2100; baseline 0.004 -13"><span class='ocrx_word' id='word_1_230' title='bbox 104 2055 229 2099; x_wconf 80' lang='lat' dir='ltr'><strong>pellati</strong></span> <span class='ocrx_word' id='word_1_231' title='bbox 262 2057 380 2095; x_wconf 78' lang='lat' dir='ltr'><strong>Iones,</strong></span> <span class='ocrx_word' id='word_1_232' title='bbox 416 2055 482 2089; x_wconf 86' lang='lat' dir='ltr'><strong>etsi</strong></span> <span class='ocrx_word' id='word_1_233' title='bbox 506 2068 629 2100; x_wconf 84' lang='lat' dir='ltr'><strong>magna</strong></span> <span class='ocrx_word' id='word_1_234' title='bbox 655 2068 697 2089; x_wconf 84' lang='lat' dir='ltr'><strong>ex</strong></span> <span class='ocrx_word' id='word_1_235' title='bbox 722 2063 821 2100; x_wconf 90' lang='lat' dir='ltr'><strong>parte</strong></span> <span class='ocrx_word' id='word_1_236' title='bbox 845 2058 912 2091; x_wconf 82' lang='lat' dir='ltr'><strong>Pe-</strong></span> 
     </span>
     <span class='ocr_line' id='line_1_42' title="bbox 105 2101 913 2147; baseline 0.004 -14"><span class='ocrx_word' id='word_1_237' title='bbox 105 2101 254 2145; x_wconf 83' lang='lat' dir='ltr'><strong>lasgicae</strong></span> <span class='ocrx_word' id='word_1_238' title='bbox 291 2101 411 2146; x_wconf 79' lang='lat' dir='ltr'>stirpis</span> <span class='ocrx_word' id='word_1_239' title='bbox 446 2102 564 2147; x_wconf 90' lang='lat' dir='ltr'><strong>populi</strong></span> <span class='ocrx_word' id='word_1_240' title='bbox 599 2103 749 2136; x_wconf 86' lang='lat' dir='ltr'><strong>Atticam</strong></span> <span class='ocrx_word' id='word_1_241' title='bbox 782 2103 913 2136; x_wconf 88' lang='lat' dir='ltr'><strong>inside-</strong></span> 
     </span>
     <span class='ocr_line' id='line_1_43' title="bbox 105 2147 913 2202; baseline 0.002 -23"><span class='ocrx_word' id='word_1_242' title='bbox 105 2147 198 2182; x_wconf 88' lang='lat' dir='ltr'><strong>bant.</strong></span> <span class='ocrx_word' id='word_1_243' title='bbox 227 2147 289 2190; x_wconf 88' lang='lat' dir='ltr'><strong>(cf.</strong></span> <span class='ocrx_word' id='word_1_244' title='bbox 311 2147 440 2181; x_wconf 85' lang='lat' dir='ltr'><strong>Herod.</strong></span> <span class='ocrx_word' id='word_1_245' title='bbox 465 2149 507 2189; x_wconf 75' lang='lat'><strong>2,</strong></span> <span class='ocrx_word' id='word_1_246' title='bbox 532 2150 609 2189; x_wconf 90' lang='grc'><strong>51.</strong></span> <span class='ocrx_word' id='word_1_247' title='bbox 638 2151 677 2189; x_wconf 88' lang='grc'><strong>1,</strong></span> <span class='ocrx_word' id='word_1_248' title='bbox 701 2149 798 2192; x_wconf 91' lang='grc'><strong><em>56),</em></strong></span> <span class='ocrx_word' id='word_1_249' title='bbox 835 2148 913 2202; x_wconf 76' lang='lat' dir='ltr'><strong>qni·</strong></span> 
     </span>
     <span class='ocr_line' id='line_1_44' title="bbox 104 2173 914 2236; baseline 0.002 -11"><span class='ocrx_word' id='word_1_250' title='bbox 104 2193 171 2226; x_wconf 86' lang='lat' dir='ltr'><strong>bus</strong></span> <span class='ocrx_word' id='word_1_251' title='bbox 196 2192 331 2236; x_wconf 89' lang='lat' dir='ltr'><strong>populis</strong></span> <span class='ocrx_word' id='word_1_252' title='bbox 363 2193 477 2226; x_wconf 82' lang='lat' dir='ltr'><strong>mixtis</strong></span> <span class='ocrx_word' id='word_1_253' title='bbox 508 2205 581 2227; x_wconf 88' lang='lat' dir='ltr'><strong>cum</strong></span> <span class='ocrx_word' id='word_1_254' title='bbox 599 2173 766 2235; x_wconf 83' lang='lat' dir='ltr'><strong>Ionibus,</strong></span> <span class='ocrx_word' id='word_1_255' title='bbox 802 2194 914 2228; x_wconf 79' lang='lat' dir='ltr'><strong>auctis</strong></span> 
     </span>
     <span class='ocr_line' id='line_1_45' title="bbox 104 2238 912 2274; baseline 0.002 -2"><span class='ocrx_word' id='word_1_256' title='bbox 104 2238 170 2272; x_wconf 78' lang='lat' dir='ltr'><strong>illis</strong></span> <span class='ocrx_word' id='word_1_257' title='bbox 194 2239 318 2272; x_wconf 81' lang='lat' dir='ltr'><strong>deinde</strong></span> <span class='ocrx_word' id='word_1_258' title='bbox 341 2239 465 2272; x_wconf 87' lang='lat' dir='ltr'><strong>civium</strong></span> <span class='ocrx_word' id='word_1_259' title='bbox 488 2251 624 2274; x_wconf 88' lang='lat' dir='ltr'><strong>suorum</strong></span> <span class='ocrx_word' id='word_1_260' title='bbox 647 2240 762 2274; x_wconf 86' lang='lat' dir='ltr'><strong>reditu</strong></span> <span class='ocrx_word' id='word_1_261' title='bbox 783 2252 825 2274; x_wconf 85' lang='lat' dir='ltr'><strong>ex</strong></span> <span class='ocrx_word' id='word_1_262' title='bbox 843 2242 912 2274; x_wconf 89' lang='lat' dir='ltr'><strong>Ae-</strong></span> 
     </span>
     <span class='ocr_line' id='line_1_46' title="bbox 104 2284 909 2331; baseline 0.004 -14"><span class='ocrx_word' id='word_1_263' title='bbox 104 2284 241 2329; x_wconf 84' lang='lat' dir='ltr'><strong>gialea‚</strong></span> <span class='ocrx_word' id='word_1_264' title='bbox 281 2296 371 2318; x_wconf 88' lang='lat' dir='ltr'><strong>nova</strong></span> <span class='ocrx_word' id='word_1_265' title='bbox 398 2285 556 2330; x_wconf 81' lang='lat' dir='ltr'>migratio</span> <span class='ocrx_word' id='word_1_266' title='bbox 581 2286 796 2331; x_wconf 88' lang='lat' dir='ltr'><strong>dispicienda</strong></span> <span class='ocrx_word' id='word_1_267' title='bbox 820 2292 909 2320; x_wconf 83' lang='lat' dir='ltr'><strong>erat.</strong></span> 
     </span>
     <span class='ocr_line' id='line_1_47' title="bbox 104 2330 911 2366; baseline 0.002 -3"><span class='ocrx_word' id='word_1_268' title='bbox 104 2330 188 2364; x_wconf 82' lang='lat' dir='ltr'><strong>Inde</strong></span> <span class='ocrx_word' id='word_1_269' title='bbox 222 2331 340 2364; x_wconf 81' lang='lat' dir='ltr'><strong>Ionica</strong></span> <span class='ocrx_word' id='word_1_270' title='bbox 380 2331 548 2365; x_wconf 77' lang='lat' dir='ltr'><strong>dialectus</strong></span> <span class='ocrx_word' id='word_1_271' title='bbox 591 2338 628 2366; x_wconf 85' lang='lat' dir='ltr'><strong>et</strong></span> <span class='ocrx_word' id='word_1_272' title='bbox 659 2334 778 2366; x_wconf 81' lang='lat' dir='ltr'><strong>Attica</strong></span> <span class='ocrx_word' id='word_1_273' title='bbox 812 2337 911 2366; x_wconf 82' lang='lat' dir='ltr'><strong>vetus</strong></span> 
     </span>
     <span class='ocr_line' id='line_1_48' title="bbox 104 2377 911 2422; baseline 0.002 -12"><span class='ocrx_word' id='word_1_274' title='bbox 104 2382 198 2410; x_wconf 87' lang='lat' dir='ltr'><strong>recte</strong></span> <span class='ocrx_word' id='word_1_275' title='bbox 222 2388 286 2422; x_wconf 75' lang='lat' dir='ltr'><strong>pro</strong></span> <span class='ocrx_word' id='word_1_276' title='bbox 317 2377 435 2411; x_wconf 89' lang='lat' dir='ltr'><strong>eadem</strong></span> <span class='ocrx_word' id='word_1_277' title='bbox 459 2378 650 2419; x_wconf 80' lang='lat' dir='ltr'><strong>habentur,</strong></span> <span class='ocrx_word' id='word_1_278' title='bbox 684 2384 804 2421; x_wconf 89' lang='lat' dir='ltr'><strong>estque</strong></span> <span class='ocrx_word' id='word_1_279' title='bbox 827 2389 911 2412; x_wconf 91' lang='lat' dir='ltr'><strong>con-</strong></span> 
     </span>
     <span class='ocr_line' id='line_1_49' title="bbox 103 2423 911 2467; baseline 0.002 -12"><span class='ocrx_word' id='word_1_280' title='bbox 103 2427 322 2462; x_wconf 84' lang='lat' dir='ltr'><strong>sentaneum,</strong></span> <span class='ocrx_word' id='word_1_281' title='bbox 355 2423 463 2467; x_wconf 86' lang='lat' dir='ltr'><strong>magis</strong></span> <span class='ocrx_word' id='word_1_282' title='bbox 494 2423 596 2457; x_wconf 87' lang='lat' dir='ltr'><strong>etiam</strong></span> <span class='ocrx_word' id='word_1_283' title='bbox 629 2424 817 2458; x_wconf 88' lang='lat' dir='ltr'><strong>invaluisse</strong></span> <span class='ocrx_word' id='word_1_284' title='bbox 848 2436 911 2457; x_wconf 84' lang='lat' dir='ltr'><strong>no-</strong></span> 
     </span>
     <span class='ocr_line' id='line_1_50' title="bbox 103 2469 911 2524; baseline 0.002 -23"><span class='ocrx_word' id='word_1_285' title='bbox 103 2479 182 2501; x_wconf 84' lang='lat' dir='ltr'><strong>men</strong></span> <span class='ocrx_word' id='word_1_286' title='bbox 203 2469 375 2509; x_wconf 72' lang='lat' dir='ltr'><strong>lonicum,</strong></span> <span class='ocrx_word' id='word_1_287' title='bbox 409 2480 452 2502; x_wconf 80' lang='lat' dir='ltr'><strong>ex</strong></span> <span class='ocrx_word' id='word_1_288' title='bbox 477 2480 544 2513; x_wconf 91' lang='lat' dir='ltr'><strong>quo</strong></span> <span class='ocrx_word' id='word_1_289' title='bbox 569 2470 676 2503; x_wconf 87' lang='lat' dir='ltr'><strong>Dores</strong></span> <span class='ocrx_word' id='word_1_290' title='bbox 698 2470 911 2524; x_wconf 87' lang='lat' dir='ltr'><strong>Peloponne-</strong></span> 
     </span>
     <span class='ocr_line' id='line_1_51' title="bbox 102 2515 911 2559; baseline 0.001 -11"><span class='ocrx_word' id='word_1_291' title='bbox 102 2525 176 2548; x_wconf 83' lang='lat' dir='ltr'><strong>sum</strong></span> <span class='ocrx_word' id='word_1_292' title='bbox 217 2521 493 2559; x_wconf 80' lang='lat' dir='ltr'><strong>occupaverant3</strong></span> <span class='ocrx_word' id='word_1_293' title='bbox 540 2516 576 2549; x_wconf 89' lang='lat' dir='ltr'><strong>id</strong></span> <span class='ocrx_word' id='word_1_294' title='bbox 618 2515 711 2559; x_wconf 89' lang='lat' dir='ltr'><strong>quod</strong></span> <span class='ocrx_word' id='word_1_295' title='bbox 751 2515 911 2549; x_wconf 85' lang='lat' dir='ltr'><strong>convenit</strong></span> 
     </span>
     <span class='ocr_line' id='line_1_52' title="bbox 104 2560 911 2598; baseline 0.002 -5"><span class='ocrx_word' id='word_1_296' title='bbox 104 2572 179 2594; x_wconf 91' lang='lat' dir='ltr'><strong>cum</strong></span> <span class='ocrx_word' id='word_1_297' title='bbox 193 2560 370 2594; x_wconf 86' lang='lat' dir='ltr'><strong>Herodoto</strong></span> <span class='ocrx_word' id='word_1_298' title='bbox 394 2564 426 2598; x_wconf 88' lang='lat'><strong>1,</strong></span> <span class='ocrx_word' id='word_1_299' title='bbox 446 2563 499 2596; x_wconf 90' lang='grc'><strong>56.</strong></span> <span class='ocrx_word' id='word_1_300' title='bbox 544 2561 648 2595; x_wconf 79' lang='lat' dir='ltr'><strong>cessit</strong></span> <span class='ocrx_word' id='word_1_301' title='bbox 670 2569 782 2596; x_wconf 82' lang='lat' dir='ltr'><strong>tamen</strong></span> <span class='ocrx_word' id='word_1_302' title='bbox 803 2563 911 2595; x_wconf 79' lang='lat' dir='ltr'><strong>Athe-</strong></span> 
     </span>
     <span class='ocr_line' id='line_1_53' title="bbox 102 2607 911 2651; baseline 0.002 -12"><span class='ocrx_word' id='word_1_303' title='bbox 102 2607 273 2640; x_wconf 78' lang='lat' dir='ltr'><strong>niensium</strong></span> <span class='ocrx_word' id='word_1_304' title='bbox 297 2607 448 2646; x_wconf 83' lang='lat' dir='ltr'><strong>nomini,</strong></span> <span class='ocrx_word' id='word_1_305' title='bbox 474 2617 516 2640; x_wconf 83' lang='lat' dir='ltr'><strong>ex</strong></span> <span class='ocrx_word' id='word_1_306' title='bbox 543 2618 609 2651; x_wconf 90' lang='lat' dir='ltr'><strong>quo</strong></span> <span class='ocrx_word' id='word_1_307' title='bbox 634 2608 755 2640; x_wconf 85' lang='lat' dir='ltr'><strong>Ionum</strong></span> <span class='ocrx_word' id='word_1_308' title='bbox 779 2609 911 2642; x_wconf 75' lang='lat' dir='ltr'><strong>Asiati-</strong></span> 
     </span>
     <span class='ocr_line' id='line_1_54' title="bbox 103 2651 910 2692; baseline 0.002 -7"><span class='ocrx_word' id='word_1_309' title='bbox 103 2664 219 2685; x_wconf 87' lang='lat' dir='ltr'><strong>corum</strong></span> <span class='ocrx_word' id='word_1_310' title='bbox 242 2651 424 2692; x_wconf 85' lang='lat' dir='ltr'><strong>inclaruit‚</strong></span> <span class='ocrx_word' id='word_1_311' title='bbox 457 2652 506 2686; x_wconf 83' lang='lat' dir='ltr'><strong>ita</strong></span> <span class='ocrx_word' id='word_1_312' title='bbox 537 2660 575 2686; x_wconf 89' lang='lat' dir='ltr'><strong>ut</strong></span> <span class='ocrx_word' id='word_1_313' title='bbox 607 2655 789 2687; x_wconf 84' lang='lat' dir='ltr'><strong>metuenda</strong></span> <span class='ocrx_word' id='word_1_314' title='bbox 819 2657 910 2687; x_wconf 85' lang='lat' dir='ltr'><strong>esset</strong></span> 
     </span>
     <span class='ocr_line' id='line_1_55' title="bbox 103 2698 910 2743; baseline 0.002 -12"><span class='ocrx_word' id='word_1_315' title='bbox 103 2698 321 2743; x_wconf 78' lang='lat' dir='ltr'><strong>ambiguitas.</strong></span> <span class='ocrx_word' id='word_1_316' title='bbox 355 2705 545 2742; x_wconf 88' lang='lat' dir='ltr'><strong>coeperunt</strong></span> <span class='ocrx_word' id='word_1_317' title='bbox 559 2698 667 2742; x_wconf 84' lang='lat' dir='ltr'><strong>igitur</strong></span> <span class='ocrx_word' id='word_1_318' title='bbox 685 2700 784 2732; x_wconf 90' lang='lat' dir='ltr'><strong>Iones</strong></span> <span class='ocrx_word' id='word_1_319' title='bbox 795 2700 910 2733; x_wconf 82' lang='lat' dir='ltr'><strong>Grae-</strong></span> 
     </span>
     <span class='ocr_line' id='line_1_56' title="bbox 104 2743 909 2789; baseline 0.002 -12"><span class='ocrx_word' id='word_1_320' title='bbox 104 2744 178 2777; x_wconf 88' lang='lat' dir='ltr'><strong>ciae</strong></span> <span class='ocrx_word' id='word_1_321' title='bbox 210 2743 377 2789; x_wconf 87' lang='lat' dir='ltr'><strong>appellari</strong></span> <span class='ocrx_word' id='word_1_322' title='bbox 414 2745 660 2786; x_wconf 79' lang='lat' dir='ltr'><strong>Athenienses,</strong></span> <span class='ocrx_word' id='word_1_323' title='bbox 692 2745 829 2789; x_wconf 84' lang='lat' dir='ltr'><strong>jamque</strong></span> <span class='ocrx_word' id='word_1_324' title='bbox 853 2757 909 2779; x_wconf 89' lang='lat' dir='ltr'><strong>re-</strong></span> 
     </span>
     <span class='ocr_line' id='line_1_57' title="bbox 102 2790 910 2836; baseline 0.002 -14"><span class='ocrx_word' id='word_1_325' title='bbox 102 2790 268 2834; x_wconf 82' lang='lat' dir='ltr'><strong>fugerunt</strong></span> <span class='ocrx_word' id='word_1_326' title='bbox 291 2790 407 2824; x_wconf 90' lang='lat' dir='ltr'><strong>Ionum</strong></span> <span class='ocrx_word' id='word_1_327' title='bbox 430 2801 568 2828; x_wconf 88' lang='lat' dir='ltr'><strong>nomen,</strong></span> <span class='ocrx_word' id='word_1_328' title='bbox 605 2791 640 2824; x_wconf 91' lang='lat' dir='ltr'><strong>in</strong></span> <span class='ocrx_word' id='word_1_329' title='bbox 659 2792 750 2836; x_wconf 88' lang='lat' dir='ltr'><strong>quod</strong></span> <span class='ocrx_word' id='word_1_330' title='bbox 775 2791 842 2824; x_wconf 86' lang='lat' dir='ltr'><strong>alia</strong></span> <span class='ocrx_word' id='word_1_331' title='bbox 868 2802 910 2824; x_wconf 86' lang='lat' dir='ltr'><strong>ex</strong></span> 
     </span>
     <span class='ocr_line' id='line_1_58' title="bbox 103 2836 910 2890; baseline 0.004 -22"><span class='ocrx_word' id='word_1_332' title='bbox 103 2841 203 2879; x_wconf 86' lang='lat' dir='ltr'><strong>parte</strong></span> <span class='ocrx_word' id='word_1_333' title='bbox 235 2840 477 2869; x_wconf 84' lang='lat' dir='ltr'><strong>successerunt</strong></span> <span class='ocrx_word' id='word_1_334' title='bbox 510 2836 651 2890; x_wconf 57' lang='lat' dir='ltr'><strong>populi?</strong></span> <span class='ocrx_word' id='word_1_335' title='bbox 688 2837 747 2881; x_wconf 88' lang='lat' dir='ltr'><strong>qui</strong></span> <span class='ocrx_word' id='word_1_336' title='bbox 773 2837 910 2871; x_wconf 87' lang='lat' dir='ltr'><strong>coalue-</strong></span> 
     </span>
     <span class='ocr_line' id='line_1_59' title="bbox 104 2881 910 2927; baseline 0.002 -13"><span class='ocrx_word' id='word_1_337' title='bbox 104 2887 182 2914; x_wconf 85' lang='lat' dir='ltr'><strong>rant</strong></span> <span class='ocrx_word' id='word_1_338' title='bbox 205 2892 280 2914; x_wconf 91' lang='lat' dir='ltr'><strong>cum</strong></span> <span class='ocrx_word' id='word_1_339' title='bbox 302 2881 462 2924; x_wconf 87' lang='lat' dir='ltr'><strong>Ionibus,</strong></span> <span class='ocrx_word' id='word_1_340' title='bbox 489 2882 649 2925; x_wconf 87' lang='lat' dir='ltr'><strong>permixti</strong></span> <span class='ocrx_word' id='word_1_341' title='bbox 675 2882 811 2927; x_wconf 85' lang='lat' dir='ltr'><strong>partim,</strong></span> <span class='ocrx_word' id='word_1_342' title='bbox 835 2883 910 2917; x_wconf 78' lang='lat' dir='ltr'><strong>sive</strong></span> 
     </span>
     <span class='ocr_line' id='line_1_60' title="bbox 101 2926 910 2972; baseline 0.005 -14"><span class='ocrx_word' id='word_1_343' title='bbox 101 2926 169 2969; x_wconf 84' lang='lat' dir='ltr'><strong>jam</strong></span> <span class='ocrx_word' id='word_1_344' title='bbox 199 2926 277 2960; x_wconf 89' lang='lat' dir='ltr'><strong>olim</strong></span> <span class='ocrx_word' id='word_1_345' title='bbox 307 2928 343 2960; x_wconf 87' lang='lat' dir='ltr'><strong>in</strong></span> <span class='ocrx_word' id='word_1_346' title='bbox 369 2928 542 2968; x_wconf 81' lang='lat' dir='ltr'><strong>Graecia,</strong></span> <span class='ocrx_word' id='word_1_347' title='bbox 576 2939 638 2961; x_wconf 90' lang='lat' dir='ltr'><strong>seu</strong></span> <span class='ocrx_word' id='word_1_348' title='bbox 671 2934 750 2972; x_wconf 88' lang='lat' dir='ltr'><strong>post</strong></span> <span class='ocrx_word' id='word_1_349' title='bbox 783 2928 910 2972; x_wconf 83' lang='lat' dir='ltr'><strong>migra-</strong></span> 
     </span>
     <span class='ocr_line' id='line_1_61' title="bbox 103 2971 909 3021; baseline 0.006 -16"><span class='ocrx_word' id='word_1_350' title='bbox 103 2971 228 3010; x_wconf 79' lang='lat' dir='ltr'><strong>tionem</strong></span> <span class='ocrx_word' id='word_1_351' title='bbox 252 2972 285 3008; x_wconf 85' lang='lat' dir='ltr'><strong>iu</strong></span> <span class='ocrx_word' id='word_1_352' title='bbox 302 2973 434 3015; x_wconf 82' lang='lat' dir='ltr'><strong>Asiam,</strong></span> <span class='ocrx_word' id='word_1_353' title='bbox 459 2985 534 3010; x_wconf 88' lang='lat' dir='ltr'><strong>cum</strong></span> <span class='ocrx_word' id='word_1_354' title='bbox 558 2973 750 3019; x_wconf 71' lang='lat' dir='ltr'><strong>Pelasgicis</strong></span> <span class='ocrx_word' id='word_1_355' title='bbox 773 2974 909 3021; x_wconf 79' lang='lat' dir='ltr'><strong>populis</strong></span> 
     </span>
    </p>
   </div>
   <div class='ocr_carea' id='block_1_11' title="bbox 956 950 1775 2512">
    <p class='ocr_par' dir='ltr' id='par_1_11' title="bbox 959 950 1775 2052">
     <span class='ocr_line' id='line_1_62' title="bbox 969 950 1774 998; baseline -0.002 -12"><span class='ocrx_word' id='word_1_356' title='bbox 969 952 1143 998; x_wconf 86' lang='lat' dir='ltr'><strong>pluribus,</strong></span> <span class='ocrx_word' id='word_1_357' title='bbox 1167 953 1387 997; x_wconf 90' lang='lat' dir='ltr'><strong>Doribusque</strong></span> <span class='ocrx_word' id='word_1_358' title='bbox 1411 956 1446 986; x_wconf 89' lang='lat' dir='ltr'><strong>et</strong></span> <span class='ocrx_word' id='word_1_359' title='bbox 1472 950 1653 993; x_wconf 83' lang='lat' dir='ltr'><strong>Aeolibus;</strong></span> <span class='ocrx_word' id='word_1_360' title='bbox 1688 962 1774 996; x_wconf 85' lang='lat' dir='ltr'><strong>quos</strong></span> 
     </span>
     <span class='ocr_line' id='line_1_63' title="bbox 968 998 1775 1044; baseline -0.002 -12"><span class='ocrx_word' id='word_1_361' title='bbox 968 1001 1059 1032; x_wconf 88' lang='lat' dir='ltr'><strong>inter</strong></span> <span class='ocrx_word' id='word_1_362' title='bbox 1084 1001 1204 1040; x_wconf 85' lang='lat' dir='ltr'><strong>fuere,</strong></span> <span class='ocrx_word' id='word_1_363' title='bbox 1230 1000 1288 1044; x_wconf 93' lang='lat' dir='ltr'><strong>qui</strong></span> <span class='ocrx_word' id='word_1_364' title='bbox 1315 999 1455 1033; x_wconf 86' lang='lat' dir='ltr'><strong>Athenis</strong></span> <span class='ocrx_word' id='word_1_365' title='bbox 1478 1010 1516 1032; x_wconf 86' lang='lat' dir='ltr'><strong>se</strong></span> <span class='ocrx_word' id='word_1_366' title='bbox 1541 998 1714 1043; x_wconf 87' lang='lat' dir='ltr'><strong>profectos</strong></span> <span class='ocrx_word' id='word_1_367' title='bbox 1739 1005 1775 1030; x_wconf 87' lang='lat' dir='ltr'><strong>et</strong></span> 
     </span>
     <span class='ocr_line' id='line_1_64' title="bbox 968 1044 1773 1088; baseline -0.001 -11"><span class='ocrx_word' id='word_1_368' title='bbox 968 1045 1134 1088; x_wconf 83' lang='lat' dir='ltr'><strong>genuinos</strong></span> <span class='ocrx_word' id='word_1_369' title='bbox 1151 1045 1252 1079; x_wconf 88' lang='lat' dir='ltr'><strong>Iones</strong></span> <span class='ocrx_word' id='word_1_370' title='bbox 1277 1056 1352 1078; x_wconf 88' lang='lat' dir='ltr'><strong>esse</strong></span> <span class='ocrx_word' id='word_1_371' title='bbox 1371 1045 1555 1088; x_wconf 82' lang='lat' dir='ltr'><strong>jactarent.</strong></span> <span class='ocrx_word' id='word_1_372' title='bbox 1588 1044 1718 1078; x_wconf 83' lang='lat' dir='ltr'><strong>Herod.</strong></span> <span class='ocrx_word' id='word_1_373' title='bbox 1741 1045 1773 1081; x_wconf 81' lang='lat'><strong>1.</strong></span> 
     </span>
     <span class='ocr_line' id='line_1_65' title="bbox 971 1090 1773 1132; baseline -0.001 -8"><span class='ocrx_word' id='word_1_374' title='bbox 971 1094 1056 1132; x_wconf 78' lang='lat'>146,</span> <span class='ocrx_word' id='word_1_375' title='bbox 1084 1092 1161 1126; x_wconf 84' lang='lat'><strong>147.</strong></span> <span class='ocrx_word' id='word_1_376' title='bbox 1193 1091 1244 1124; x_wconf 87' lang='lat' dir='ltr'><strong>sic</strong></span> <span class='ocrx_word' id='word_1_377' title='bbox 1268 1091 1342 1125; x_wconf 88' lang='lat' dir='ltr'><strong>fere</strong></span> <span class='ocrx_word' id='word_1_378' title='bbox 1366 1091 1413 1124; x_wconf 88' lang='lat' dir='ltr'><strong>H.</strong></span> <span class='ocrx_word' id='word_1_379' title='bbox 1438 1095 1475 1124; x_wconf 87' lang='lat' dir='ltr'><strong>et</strong></span> <span class='ocrx_word' id='word_1_380' title='bbox 1498 1090 1673 1124; x_wconf 82' lang='lat' dir='ltr'><strong>Heinrich.</strong></span> <span class='ocrx_word' id='word_1_381' title='bbox 1709 1090 1773 1123; x_wconf 90' lang='lat' dir='ltr'><strong>ob—</strong></span> 
     </span>
     <span class='ocr_line' id='line_1_66' title="bbox 966 1135 1771 1182; baseline -0.002 -12"><span class='ocrx_word' id='word_1_382' title='bbox 966 1148 1069 1170; x_wconf 88' lang='lat' dir='ltr'><strong>scura</strong></span> <span class='ocrx_word' id='word_1_383' title='bbox 1093 1149 1175 1171; x_wconf 84' lang='lat' dir='ltr'><strong>sane</strong></span> <span class='ocrx_word' id='word_1_384' title='bbox 1200 1148 1279 1182; x_wconf 86' lang='lat' dir='ltr'><strong>pars</strong></span> <span class='ocrx_word' id='word_1_385' title='bbox 1306 1137 1423 1170; x_wconf 89' lang='lat' dir='ltr'><strong>horum</strong></span> <span class='ocrx_word' id='word_1_386' title='bbox 1457 1142 1510 1170; x_wconf 86' lang='lat' dir='ltr'><strong>est</strong></span> <span class='ocrx_word' id='word_1_387' title='bbox 1536 1142 1573 1170; x_wconf 90' lang='lat' dir='ltr'><strong>et</strong></span> <span class='ocrx_word' id='word_1_388' title='bbox 1596 1135 1693 1181; x_wconf 87' lang='lat' dir='ltr'><strong>quasi</strong></span> <span class='ocrx_word' id='word_1_389' title='bbox 1717 1136 1771 1168; x_wconf 87' lang='lat' dir='ltr'><strong>in-</strong></span> 
     </span>
     <span class='ocr_line' id='line_1_67' title="bbox 966 1182 1771 1227; baseline 0 -13"><span class='ocrx_word' id='word_1_390' title='bbox 966 1183 1107 1224; x_wconf 86' lang='lat' dir='ltr'><strong>voluta,</strong></span> <span class='ocrx_word' id='word_1_391' title='bbox 1142 1189 1181 1216; x_wconf 88' lang='lat' dir='ltr'><strong>ut</strong></span> <span class='ocrx_word' id='word_1_392' title='bbox 1212 1194 1289 1216; x_wconf 85' lang='lat' dir='ltr'><strong>esse</strong></span> <span class='ocrx_word' id='word_1_393' title='bbox 1315 1194 1379 1227; x_wconf 90' lang='lat' dir='ltr'><strong>par</strong></span> <span class='ocrx_word' id='word_1_394' title='bbox 1411 1187 1465 1216; x_wconf 84' lang='lat' dir='ltr'><strong>est</strong></span> <span class='ocrx_word' id='word_1_395' title='bbox 1496 1192 1553 1216; x_wconf 85' lang='lat' dir='ltr'><strong>res</strong></span> <span class='ocrx_word' id='word_1_396' title='bbox 1576 1182 1771 1215; x_wconf 86' lang='lat' dir='ltr'><strong>vetustissi-</strong></span> 
     </span>
     <span class='ocr_line' id='line_1_68' title="bbox 965 1227 1770 1273; baseline 0.001 -13"><span class='ocrx_word' id='word_1_397' title='bbox 965 1239 1046 1261; x_wconf 88' lang='lat' dir='ltr'><strong>mas.</strong></span> <span class='ocrx_word' id='word_1_398' title='bbox 1093 1240 1156 1261; x_wconf 90' lang='lat' dir='ltr'><strong>nec</strong></span> <span class='ocrx_word' id='word_1_399' title='bbox 1181 1234 1293 1262; x_wconf 86' lang='lat' dir='ltr'><strong>tamen</strong></span> <span class='ocrx_word' id='word_1_400' title='bbox 1319 1233 1504 1273; x_wconf 85' lang='lat' dir='ltr'><strong>propterea</strong></span> <span class='ocrx_word' id='word_1_401' title='bbox 1528 1227 1684 1272; x_wconf 89' lang='lat' dir='ltr'><strong>cuiquam</strong></span> <span class='ocrx_word' id='word_1_402' title='bbox 1709 1240 1770 1261; x_wconf 83' lang='lat' dir='ltr'><strong>au·-</strong></span> 
     </span>
     <span class='ocr_line' id='line_1_69' title="bbox 965 1274 1770 1319; baseline 0.001 -12"><span class='ocrx_word' id='word_1_403' title='bbox 965 1280 1041 1307; x_wconf 90' lang='lat' dir='ltr'><strong>ctor</strong></span> <span class='ocrx_word' id='word_1_404' title='bbox 1063 1274 1146 1314; x_wconf 85' lang='lat' dir='ltr'><strong>sim,</strong></span> <span class='ocrx_word' id='word_1_405' title='bbox 1173 1280 1210 1307; x_wconf 93' lang='lat' dir='ltr'><strong>ut</strong></span> <span class='ocrx_word' id='word_1_406' title='bbox 1235 1276 1322 1307; x_wconf 84' lang='lat' dir='ltr'><strong>hunc</strong></span> <span class='ocrx_word' id='word_1_407' title='bbox 1344 1285 1481 1307; x_wconf 74' lang='lat' dir='ltr'><strong>versum</strong></span> <span class='ocrx_word' id='word_1_408' title='bbox 1506 1285 1567 1318; x_wconf 89' lang='lat' dir='ltr'><strong>pro</strong></span> <span class='ocrx_word' id='word_1_409' title='bbox 1591 1275 1770 1319; x_wconf 87' lang='lat' dir='ltr'><strong>supposito</strong></span> 
     </span>
     <span class='ocr_line' id='line_1_70' title="bbox 965 1319 1769 1354; baseline 0.002 -2"><span class='ocrx_word' id='word_1_410' title='bbox 965 1319 1091 1353; x_wconf 87' lang='lat' dir='ltr'><strong>habeat</strong></span> <span class='ocrx_word' id='word_1_411' title='bbox 1114 1325 1150 1353; x_wconf 86' lang='lat' dir='ltr'><strong>et</strong></span> <span class='ocrx_word' id='word_1_412' title='bbox 1173 1320 1290 1354; x_wconf 89' lang='lat' dir='ltr'><strong>Ionum</strong></span> <span class='ocrx_word' id='word_1_413' title='bbox 1315 1331 1435 1353; x_wconf 90' lang='lat' dir='ltr'><strong>nomen</strong></span> <span class='ocrx_word' id='word_1_414' title='bbox 1459 1319 1502 1352; x_wconf 89' lang='lat' dir='ltr'><strong>ad</strong></span> <span class='ocrx_word' id='word_1_415' title='bbox 1526 1320 1631 1353; x_wconf 91' lang='lat' dir='ltr'><strong>solam</strong></span> <span class='ocrx_word' id='word_1_416' title='bbox 1655 1320 1769 1354; x_wconf 88' lang='lat' dir='ltr'><strong>Asiam</strong></span> 
     </span>
     <span class='ocr_line' id='line_1_71' title="bbox 965 1365 1771 1409; baseline 0.002 -11"><span class='ocrx_word' id='word_1_417' title='bbox 965 1365 1139 1409; x_wconf 86' lang='lat' dir='ltr'><strong>pertinere</strong></span> <span class='ocrx_word' id='word_1_418' title='bbox 1174 1367 1383 1405; x_wconf 82' lang='lat' dir='ltr'><strong>arbitretur3</strong></span> <span class='ocrx_word' id='word_1_419' title='bbox 1417 1365 1507 1409; x_wconf 90' lang='lat' dir='ltr'><strong>quod</strong></span> <span class='ocrx_word' id='word_1_420' title='bbox 1530 1365 1616 1399; x_wconf 83' lang='lat' dir='ltr'><strong>fecit</strong></span> <span class='ocrx_word' id='word_1_421' title='bbox 1639 1366 1771 1400; x_wconf 89' lang='lat' dir='ltr'><strong>doctis-</strong></span> 
     </span>
     <span class='ocr_line' id='line_1_72' title="bbox 963 1411 1771 1455; baseline 0.002 -11"><span class='ocrx_word' id='word_1_422' title='bbox 963 1411 1068 1444; x_wconf 84' lang='lat' dir='ltr'><strong>simus</strong></span> <span class='ocrx_word' id='word_1_423' title='bbox 1106 1411 1298 1445; x_wconf 72' lang='lat' dir='ltr'><strong>Clavierius</strong></span> <span class='ocrx_word' id='word_1_424' title='bbox 1344 1411 1465 1454; x_wconf 68' lang='lat' dir='ltr'><strong>(Hist.</strong></span> <span class='ocrx_word' id='word_1_425' title='bbox 1509 1411 1569 1444; x_wconf 84' lang='lat' dir='ltr'><strong>des</strong></span> <span class='ocrx_word' id='word_1_426' title='bbox 1605 1414 1771 1455; x_wconf 73' lang='lat' dir='ltr'><strong>premiere</strong></span> 
     </span>
     <span class='ocr_line' id='line_1_73' title="bbox 961 1458 1770 1501; baseline 0.002 -11"><span class='ocrx_word' id='word_1_427' title='bbox 961 1461 1071 1500; x_wconf 81' lang='lat' dir='ltr'><strong>temps</strong></span> <span class='ocrx_word' id='word_1_428' title='bbox 1095 1458 1190 1491; x_wconf 84' lang='lat' dir='ltr'><strong>dela</strong></span> <span class='ocrx_word' id='word_1_429' title='bbox 1214 1459 1341 1498; x_wconf 69' lang='lat' dir='ltr'><strong>Crem,</strong></span> <span class='ocrx_word' id='word_1_430' title='bbox 1365 1462 1391 1490; x_wconf 89' lang='lat' dir='ltr'><strong>t.</strong></span> <span class='ocrx_word' id='word_1_431' title='bbox 1416 1458 1450 1491; x_wconf 80' lang='lat'><strong>2.</strong></span> <span class='ocrx_word' id='word_1_432' title='bbox 1477 1469 1510 1501; x_wconf 88' lang='lat' dir='ltr'><strong>p.</strong></span> <span class='ocrx_word' id='word_1_433' title='bbox 1535 1459 1592 1493; x_wconf 90' lang='lat'><strong>70.</strong></span> <span class='ocrx_word' id='word_1_434' title='bbox 1617 1463 1652 1491; x_wconf 88' lang='lat' dir='ltr'><strong>et</strong></span> <span class='ocrx_word' id='word_1_435' title='bbox 1670 1459 1770 1500; x_wconf 65' lang='lat' dir='ltr'><strong>suiw,</strong></span> 
     </span>
     <span class='ocr_line' id='line_1_74' title="bbox 960 1502 1769 1547; baseline 0 -9"><span class='ocrx_word' id='word_1_436' title='bbox 960 1505 996 1538; x_wconf 76' lang='lat'><strong>2.</strong></span> <span class='ocrx_word' id='word_1_437' title='bbox 1023 1502 1125 1542; x_wconf 58' lang='lat' dir='ltr'><strong>edit„</strong></span> <span class='ocrx_word' id='word_1_438' title='bbox 1160 1510 1195 1537; x_wconf 88' lang='lat' dir='ltr'><strong>et</strong></span> <span class='ocrx_word' id='word_1_439' title='bbox 1219 1504 1253 1536; x_wconf 92' lang='lat' dir='ltr'><strong>la</strong></span> <span class='ocrx_word' id='word_1_440' title='bbox 1276 1503 1427 1536; x_wconf 83' lang='lat' dir='ltr'><strong>traduct.</strong></span> <span class='ocrx_word' id='word_1_441' title='bbox 1452 1504 1720 1547; x_wconf 76' lang='lat' dir='ltr'><strong>d&#39;Apollmlore,</strong></span> <span class='ocrx_word' id='word_1_442' title='bbox 1744 1510 1769 1538; x_wconf 80' lang='lat' dir='ltr'><strong>t.</strong></span> 
     </span>
     <span class='ocr_line' id='line_1_75' title="bbox 960 1548 1769 1595; baseline 0.002 -12"><span class='ocrx_word' id='word_1_443' title='bbox 960 1550 1018 1588; x_wconf 77' lang='grc'><strong>2.,</strong></span> <span class='ocrx_word' id='word_1_444' title='bbox 1043 1560 1076 1594; x_wconf 81' lang='grc' dir='ltr'><strong>Ρ.</strong></span> <span class='ocrx_word' id='word_1_445' title='bbox 1103 1550 1177 1593; x_wconf 86' lang='grc'><strong><em>89.)</em></strong></span> <span class='ocrx_word' id='word_1_446' title='bbox 1210 1561 1245 1582; x_wconf 79' lang='lat' dir='ltr'><strong>v.</strong></span> <span class='ocrx_word' id='word_1_447' title='bbox 1266 1548 1414 1592; x_wconf 84' lang='lat' dir='ltr'><strong>Bentleji</strong></span> <span class='ocrx_word' id='word_1_448' title='bbox 1437 1549 1565 1593; x_wconf 89' lang='lat' dir='ltr'><strong>Opusc.</strong></span> <span class='ocrx_word' id='word_1_449' title='bbox 1596 1549 1714 1594; x_wconf 86' lang='lat' dir='ltr'><strong>philol.</strong></span> <span class='ocrx_word' id='word_1_450' title='bbox 1735 1562 1769 1595; x_wconf 88' lang='lat' dir='ltr'><strong>p.</strong></span> 
     </span>
     <span class='ocr_line' id='line_1_76' title="bbox 959 1594 1769 1638; baseline 0 -8"><span class='ocrx_word' id='word_1_451' title='bbox 959 1595 1062 1635; x_wconf 85' lang='lat'><strong>375.‚</strong></span> <span class='ocrx_word' id='word_1_452' title='bbox 1095 1594 1267 1629; x_wconf 88' lang='lat' dir='ltr'><strong>Mannert.</strong></span> <span class='ocrx_word' id='word_1_453' title='bbox 1300 1596 1333 1629; x_wconf 89' lang='lat'><strong>8.</strong></span> <span class='ocrx_word' id='word_1_454' title='bbox 1367 1606 1448 1638; x_wconf 87' lang='lat' dir='ltr'><strong>pag.</strong></span> <span class='ocrx_word' id='word_1_455' title='bbox 1473 1596 1574 1635; x_wconf 73' lang='lat'><strong>268..</strong></span> <span class='ocrx_word' id='word_1_456' title='bbox 1607 1595 1769 1630; x_wconf 86' lang='lat' dir='ltr'><strong>Bredow.</strong></span> 
     </span>
     <span class='ocr_line' id='line_1_77' title="bbox 961 1640 1770 1685; baseline 0.004 -13"><span class='ocrx_word' id='word_1_457' title='bbox 961 1640 1106 1674; x_wconf 80' lang='lat' dir='ltr'><strong>Handb.</strong></span> <span class='ocrx_word' id='word_1_458' title='bbox 1127 1641 1189 1675; x_wconf 82' lang='lat' dir='ltr'><strong>der</strong></span> <span class='ocrx_word' id='word_1_459' title='bbox 1213 1642 1307 1674; x_wconf 82' lang='lat' dir='ltr'><strong>alten</strong></span> <span class='ocrx_word' id='word_1_460' title='bbox 1326 1641 1468 1682; x_wconf 62' lang='lat' dir='ltr'><strong>Gesclz„</strong></span> <span class='ocrx_word' id='word_1_461' title='bbox 1493 1641 1525 1675; x_wconf 87' lang='lat'><strong>4.</strong></span> <span class='ocrx_word' id='word_1_462' title='bbox 1543 1640 1599 1674; x_wconf 89' lang='lat' dir='ltr'><strong>ed.</strong></span> <span class='ocrx_word' id='word_1_463' title='bbox 1624 1652 1658 1685; x_wconf 91' lang='lat' dir='ltr'><strong>p.</strong></span> <span class='ocrx_word' id='word_1_464' title='bbox 1676 1643 1770 1683; x_wconf 65' lang='lat'><strong>279„</strong></span> 
     </span>
     <span class='ocr_line' id='line_1_78' title="bbox 961 1686 1771 1731; baseline 0.002 -11"><span class='ocrx_word' id='word_1_465' title='bbox 961 1686 1089 1720; x_wconf 85' lang='lat' dir='ltr'><strong>Matth.</strong></span> <span class='ocrx_word' id='word_1_466' title='bbox 1108 1698 1161 1730; x_wconf 84' lang='lat' dir='ltr'><strong>gr.</strong></span> <span class='ocrx_word' id='word_1_467' title='bbox 1180 1697 1234 1731; x_wconf 83' lang='lat' dir='ltr'><strong>gr.</strong></span> <span class='ocrx_word' id='word_1_468' title='bbox 1259 1688 1290 1728; x_wconf 83' lang='lat'><strong>§.</strong></span> <span class='ocrx_word' id='word_1_469' title='bbox 1309 1687 1332 1722; x_wconf 90' lang='lat'><em>5</em></span> <span class='ocrx_word' id='word_1_470' title='bbox 1355 1691 1420 1720; x_wconf 87' lang='lat' dir='ltr'><strong>etc.</strong></span> <span class='ocrx_word' id='word_1_471' title='bbox 1459 1687 1565 1720; x_wconf 89' lang='lat' dir='ltr'><strong>multo</strong></span> <span class='ocrx_word' id='word_1_472' title='bbox 1585 1687 1695 1720; x_wconf 89' lang='lat' dir='ltr'><strong>minus</strong></span> <span class='ocrx_word' id='word_1_473' title='bbox 1713 1694 1771 1722; x_wconf 86' lang='lat' dir='ltr'><strong>tu-</strong></span> 
     </span>
     <span class='ocr_line' id='line_1_79' title="bbox 961 1731 1770 1776; baseline 0.004 -11"><span class='ocrx_word' id='word_1_474' title='bbox 961 1731 1114 1766; x_wconf 88' lang='lat' dir='ltr'><strong>nicarum</strong></span> <span class='ocrx_word' id='word_1_475' title='bbox 1145 1732 1305 1766; x_wconf 77' lang='lat' dir='ltr'><strong>talasium</strong></span> <span class='ocrx_word' id='word_1_476' title='bbox 1336 1743 1432 1766; x_wconf 86' lang='lat' dir='ltr'><strong>usum</strong></span> <span class='ocrx_word' id='word_1_477' title='bbox 1457 1732 1725 1776; x_wconf 86' lang='lat' dir='ltr'><strong>abjudicaverim</strong></span> <span class='ocrx_word' id='word_1_478' title='bbox 1749 1745 1770 1768; x_wconf 91' lang='lat' dir='ltr'><strong>a</strong></span> 
     </span>
     <span class='ocr_line' id='line_1_80' title="bbox 962 1777 1768 1823; baseline 0.002 -12"><span class='ocrx_word' id='word_1_479' title='bbox 962 1777 1110 1811; x_wconf 89' lang='lat' dir='ltr'><strong>Graecis</strong></span> <span class='ocrx_word' id='word_1_480' title='bbox 1135 1777 1212 1812; x_wconf 86' lang='lat' dir='ltr'><strong>aevi</strong></span> <span class='ocrx_word' id='word_1_481' title='bbox 1237 1777 1388 1819; x_wconf 83' lang='lat' dir='ltr'><strong>heroici,</strong></span> <span class='ocrx_word' id='word_1_482' title='bbox 1413 1789 1487 1812; x_wconf 91' lang='lat' dir='ltr'><strong>cum</strong></span> <span class='ocrx_word' id='word_1_483' title='bbox 1510 1777 1546 1812; x_wconf 88' lang='lat' dir='ltr'><strong>in</strong></span> <span class='ocrx_word' id='word_1_484' title='bbox 1569 1779 1768 1823; x_wconf 80' lang='lat' dir='ltr'><strong>antiquissi-</strong></span> 
     </span>
     <span class='ocr_line' id='line_1_81' title="bbox 960 1823 1769 1868; baseline 0.004 -12"><span class='ocrx_word' id='word_1_485' title='bbox 960 1823 1022 1856; x_wconf 86' lang='lat' dir='ltr'><strong>mis</strong></span> <span class='ocrx_word' id='word_1_486' title='bbox 1046 1835 1160 1857; x_wconf 85' lang='lat' dir='ltr'><strong>eorum</strong></span> <span class='ocrx_word' id='word_1_487' title='bbox 1185 1824 1317 1857; x_wconf 87' lang='lat' dir='ltr'><strong>artibus</strong></span> <span class='ocrx_word' id='word_1_488' title='bbox 1341 1823 1616 1868; x_wconf 85' lang='lat' dir='ltr'><strong>conspiciantur,</strong></span> <span class='ocrx_word' id='word_1_489' title='bbox 1650 1830 1689 1859; x_wconf 88' lang='lat' dir='ltr'><strong>ut</strong></span> <span class='ocrx_word' id='word_1_490' title='bbox 1711 1826 1769 1859; x_wconf 87' lang='lat' dir='ltr'><strong>vel</strong></span> 
     </span>
     <span class='ocr_line' id='line_1_82' title="bbox 959 1868 1769 1914; baseline 0.005 -12"><span class='ocrx_word' id='word_1_491' title='bbox 959 1880 1006 1902; x_wconf 87' lang='lat' dir='ltr'><strong>ex</strong></span> <span class='ocrx_word' id='word_1_492' title='bbox 1030 1869 1138 1903; x_wconf 79' lang='lat' dir='ltr'><strong>Hirtii</strong></span> <span class='ocrx_word' id='word_1_493' title='bbox 1163 1870 1249 1903; x_wconf 91' lang='lat' dir='ltr'><strong>libro</strong></span> <span class='ocrx_word' id='word_1_494' title='bbox 1275 1868 1449 1904; x_wconf 87' lang='lat' dir='ltr'><strong>notissimo</strong></span> <span class='ocrx_word' id='word_1_495' title='bbox 1467 1870 1693 1913; x_wconf 79' lang='lat' dir='ltr'><strong>(Bilderbuch</strong></span> <span class='ocrx_word' id='word_1_496' title='bbox 1703 1873 1769 1914; x_wconf 76' lang='lat' dir='ltr'><strong>fiir</strong></span> 
     </span>
     <span class='ocr_line' id='line_1_83' title="bbox 961 1915 1769 1962; baseline 0.006 -15"><span class='ocrx_word' id='word_1_497' title='bbox 961 1915 1105 1958; x_wconf 76' lang='lat' dir='ltr'><strong>Mythol.</strong></span> <span class='ocrx_word' id='word_1_498' title='bbox 1129 1917 1214 1959; x_wconf 88' lang='lat' dir='ltr'><strong>etc.)</strong></span> <span class='ocrx_word' id='word_1_499' title='bbox 1233 1915 1417 1959; x_wconf 81' lang='lat' dir='ltr'><strong>intelligas.</strong></span> <span class='ocrx_word' id='word_1_500' title='bbox 1463 1916 1661 1952; x_wconf 82' lang='lat' dir='ltr'><strong>insimulant</strong></span> <span class='ocrx_word' id='word_1_501' title='bbox 1681 1929 1769 1962; x_wconf 88' lang='lat' dir='ltr'><strong>quo-</strong></span> 
     </span>
     <span class='ocr_line' id='line_1_84' title="bbox 959 1960 1769 2005; baseline 0.004 -11"><span class='ocrx_word' id='word_1_502' title='bbox 959 1972 1026 2005; x_wconf 88' lang='lat' dir='ltr'><strong>que</strong></span> <span class='ocrx_word' id='word_1_503' title='bbox 1043 1960 1109 1994; x_wconf 83' lang='lat' dir='ltr'><strong>viri</strong></span> <span class='ocrx_word' id='word_1_504' title='bbox 1129 1962 1243 2002; x_wconf 86' lang='lat' dir='ltr'><strong>docti,</strong></span> <span class='ocrx_word' id='word_1_505' title='bbox 1268 1961 1304 1994; x_wconf 90' lang='lat' dir='ltr'><strong>in</strong></span> <span class='ocrx_word' id='word_1_506' title='bbox 1328 1961 1451 2005; x_wconf 88' lang='lat' dir='ltr'><strong>quibus</strong></span> <span class='ocrx_word' id='word_1_507' title='bbox 1473 1962 1528 2002; x_wconf 91' lang='lat' dir='ltr'><strong>H,</strong></span> <span class='ocrx_word' id='word_1_508' title='bbox 1551 1966 1661 1995; x_wconf 89' lang='lat' dir='ltr'><strong>totum</strong></span> <span class='ocrx_word' id='word_1_509' title='bbox 1678 1963 1769 1997; x_wconf 86' lang='lat' dir='ltr'><strong>hunc</strong></span> 
     </span>
     <span class='ocr_line' id='line_1_85' title="bbox 959 2006 1768 2052; baseline 0.006 -13"><span class='ocrx_word' id='word_1_510' title='bbox 959 2006 1068 2040; x_wconf 93' lang='lat' dir='ltr'><strong>locum</strong></span> <span class='ocrx_word' id='word_1_511' title='bbox 1092 2006 1174 2040; x_wconf 91' lang='lat' dir='ltr'><strong>inde</strong></span> <span class='ocrx_word' id='word_1_512' title='bbox 1197 2018 1216 2040; x_wconf 90' lang='lat' dir='ltr'><strong>a</strong></span> <span class='ocrx_word' id='word_1_513' title='bbox 1240 2018 1342 2040; x_wconf 87' lang='lat' dir='ltr'><strong>versu</strong></span> <span class='ocrx_word' id='word_1_514' title='bbox 1366 2009 1446 2042; x_wconf 85' lang='lat'><strong>681.</strong></span> <span class='ocrx_word' id='word_1_515' title='bbox 1474 2019 1585 2052; x_wconf 85' lang='lat' dir='ltr'><strong>usque</strong></span> <span class='ocrx_word' id='word_1_516' title='bbox 1607 2008 1651 2041; x_wconf 91' lang='lat' dir='ltr'><strong>ad</strong></span> <span class='ocrx_word' id='word_1_517' title='bbox 1675 2010 1768 2052; x_wconf 66' lang='lat'><strong>700„</strong></span> 
     </span>
    </p>

    <p class='ocr_par' dir='ltr' id='par_1_12' title="bbox 956 2052 1768 2327">
     <span class='ocr_line' id='line_1_86' title="bbox 962 2052 1768 2089; baseline 0.004 -4"><span class='ocrx_word' id='word_1_518' title='bbox 962 2063 984 2086; x_wconf 91' lang='lat' dir='ltr'><strong>e</strong></span> <span class='ocrx_word' id='word_1_519' title='bbox 1011 2052 1118 2086; x_wconf 84' lang='lat' dir='ltr'><strong>variis</strong></span> <span class='ocrx_word' id='word_1_520' title='bbox 1148 2053 1319 2086; x_wconf 84' lang='lat' dir='ltr'><strong>variorum</strong></span> <span class='ocrx_word' id='word_1_521' title='bbox 1350 2052 1485 2086; x_wconf 90' lang='lat' dir='ltr'><strong>laciniis</strong></span> <span class='ocrx_word' id='word_1_522' title='bbox 1517 2054 1601 2087; x_wconf 90' lang='lat' dir='ltr'><strong>haec</strong></span> <span class='ocrx_word' id='word_1_523' title='bbox 1627 2060 1768 2089; x_wconf 87' lang='lat' dir='ltr'><strong>consuta</strong></span> 
     </span>
     <span class='ocr_line' id='line_1_87' title="bbox 956 2098 1768 2146; baseline 0.004 -15"><span class='ocrx_word' id='word_1_524' title='bbox 956 2109 1035 2131; x_wconf 86' lang='lat' dir='ltr'><strong>esse</strong></span> <span class='ocrx_word' id='word_1_525' title='bbox 1059 2098 1148 2139; x_wconf 80' lang='lat' dir='ltr'><strong>rati,</strong></span> <span class='ocrx_word' id='word_1_526' title='bbox 1173 2099 1385 2142; x_wconf 86' lang='lat' dir='ltr'><strong>maximeque</strong></span> <span class='ocrx_word' id='word_1_527' title='bbox 1409 2100 1451 2133; x_wconf 87' lang='lat' dir='ltr'><strong>ab</strong></span> <span class='ocrx_word' id='word_1_528' title='bbox 1472 2099 1538 2142; x_wconf 84' lang='lat' dir='ltr'><strong>iis,</strong></span> <span class='ocrx_word' id='word_1_529' title='bbox 1573 2099 1633 2144; x_wconf 88' lang='lat' dir='ltr'><strong>qui</strong></span> <span class='ocrx_word' id='word_1_530' title='bbox 1657 2111 1768 2146; x_wconf 90' lang='lat' dir='ltr'><strong>popu-</strong></span> 
     </span>
     <span class='ocr_line' id='line_1_88' title="bbox 960 2143 1766 2190; baseline 0.004 -13"><span class='ocrx_word' id='word_1_531' title='bbox 960 2143 1080 2177; x_wconf 86' lang='lat' dir='ltr'><strong>larium</strong></span> <span class='ocrx_word' id='word_1_532' title='bbox 1104 2144 1234 2187; x_wconf 84' lang='lat' dir='ltr'><strong>gloriae</strong></span> <span class='ocrx_word' id='word_1_533' title='bbox 1259 2144 1452 2178; x_wconf 86' lang='lat' dir='ltr'><strong>studerent.</strong></span> <span class='ocrx_word' id='word_1_534' title='bbox 1500 2156 1590 2190; x_wconf 89' lang='lat' dir='ltr'><strong>quae</strong></span> <span class='ocrx_word' id='word_1_535' title='bbox 1614 2157 1670 2179; x_wconf 88' lang='lat' dir='ltr'><strong>res</strong></span> <span class='ocrx_word' id='word_1_536' title='bbox 1692 2158 1766 2180; x_wconf 90' lang='lat' dir='ltr'><strong>cum</strong></span> 
     </span>
     <span class='ocr_line' id='line_1_89' title="bbox 960 2189 1767 2245; baseline 0.005 -23"><span class='ocrx_word' id='word_1_537' title='bbox 960 2189 1041 2222; x_wconf 87' lang='lat' dir='ltr'><strong>mihi</strong></span> <span class='ocrx_word' id='word_1_538' title='bbox 1065 2201 1132 2223; x_wconf 90' lang='lat' dir='ltr'><strong>non</strong></span> <span class='ocrx_word' id='word_1_539' title='bbox 1155 2191 1315 2223; x_wconf 66' lang='grc' dir='ltr'><strong><em>ιίἀειιῐιιτ</em></strong></span> <span class='ocrx_word' id='word_1_540' title='bbox 1339 2190 1383 2223; x_wconf 86' lang='lat' dir='ltr'><strong>ad</strong></span> <span class='ocrx_word' id='word_1_541' title='bbox 1407 2189 1572 2245; x_wconf 74' lang='lat' dir='ltr'><strong>liquidum</strong></span> <span class='ocrx_word' id='word_1_542' title='bbox 1597 2191 1767 2237; x_wconf 87' lang='lat' dir='ltr'><strong>perducta</strong></span> 
     </span>
     <span class='ocr_line' id='line_1_90' title="bbox 959 2236 1765 2282; baseline 0.004 -14"><span class='ocrx_word' id='word_1_543' title='bbox 959 2246 1057 2277; x_wconf 87' lang='lat' dir='ltr'><strong>esse,</strong></span> <span class='ocrx_word' id='word_1_544' title='bbox 1098 2236 1270 2281; x_wconf 89' lang='lat' dir='ltr'><strong>usurpabo</strong></span> <span class='ocrx_word' id='word_1_545' title='bbox 1302 2236 1443 2270; x_wconf 84' lang='lat' dir='ltr'><strong>verbum</strong></span> <span class='ocrx_word' id='word_1_546' title='bbox 1475 2236 1584 2282; x_wconf 88' lang='lat' dir='ltr'><strong>ipsius</strong></span> <span class='ocrx_word' id='word_1_547' title='bbox 1615 2237 1765 2282; x_wconf 81' lang='lat' dir='ltr'><strong>Heynei,</strong></span> 
     </span>
     <span class='ocr_line' id='line_1_91' title="bbox 957 2281 1766 2327; baseline 0.005 -13"><span class='ocrx_word' id='word_1_548' title='bbox 957 2292 1025 2326; x_wconf 91' lang='lat' dir='ltr'><strong>quo</strong></span> <span class='ocrx_word' id='word_1_549' title='bbox 1072 2282 1179 2315; x_wconf 85' lang='lat' dir='ltr'><strong>verbo</strong></span> <span class='ocrx_word' id='word_1_550' title='bbox 1223 2281 1491 2327; x_wconf 86' lang='lat' dir='ltr'><strong>disputationem</strong></span> <span class='ocrx_word' id='word_1_551' title='bbox 1533 2294 1628 2317; x_wconf 85' lang='lat' dir='ltr'><strong>suam</strong></span> <span class='ocrx_word' id='word_1_552' title='bbox 1670 2283 1766 2318; x_wconf 85' lang='lat' dir='ltr'><strong>finit·</strong></span> 
     </span>
    </p>

    <p class='ocr_par' dir='ltr' id='par_1_13' title="bbox 957 2327 1766 2420">
     <span class='ocr_line' id='line_1_92' title="bbox 957 2327 1766 2381; baseline 0.004 -21"><span class='ocrx_word' id='word_1_553' title='bbox 957 2327 1163 2371; x_wconf 90' lang='lat' dir='ltr'><strong>„Consulat</strong></span> <span class='ocrx_word' id='word_1_554' title='bbox 1201 2339 1336 2361; x_wconf 87' lang='lat' dir='ltr'><strong>sensum</strong></span> <span class='ocrx_word' id='word_1_555' title='bbox 1368 2328 1517 2381; x_wconf 85' lang='lat' dir='ltr'><strong>quisque</strong></span> <span class='ocrx_word' id='word_1_556' title='bbox 1555 2339 1659 2363; x_wconf 88' lang='lat' dir='ltr'><strong>sunm.</strong></span> <span class='ocrx_word' id='word_1_557' title='bbox 1671 2331 1694 2349; x_wconf 82' lang='lat'><strong>‘⁴</strong></span> <span class='ocrx_word' id='word_1_558' title='bbox 1719 2348 1766 2355; x_wconf 92' lang='lat'>—</span> 
     </span>
     <span class='ocr_line' id='line_1_93' title="bbox 957 2373 1766 2430; baseline 0.001 -22"><span class='ocrx_word' id='word_1_559' title='bbox 957 2373 1282 2417; x_wconf 84' lang='grc' dir='ltr'><strong><em>ελκεχίτωνες.</em></strong></span> <span class='ocrx_word' id='word_1_560' title='bbox 1309 2374 1766 2430; x_wconf 82' lang='lat' dir='ltr'><strong>(h.inAp011.147.)sch.=</strong></span> 
     </span>
    </p>

    <p class='ocr_par' dir='ltr' id='par_1_14' title="bbox 956 2418 1767 2512">
     <span class='ocr_line' id='line_1_94' title="bbox 956 2418 1767 2464; baseline 0.004 -11"><span class='ocrx_word' id='word_1_561' title='bbox 956 2420 1093 2464; x_wconf 82' lang='grc' dir='ltr'><strong><em>βαθεῖς</em></strong></span> <span class='ocrx_word' id='word_1_562' title='bbox 1115 2421 1271 2464; x_wconf 78' lang='grc' dir='ltr'><strong><em>χιτῶνας</em></strong></span> <span class='ocrx_word' id='word_1_563' title='bbox 1294 2419 1445 2464; x_wconf 77' lang='grc' dir='ltr'><strong><em>ἔχοντες.</em></strong></span> <span class='ocrx_word' id='word_1_564' title='bbox 1471 2418 1638 2464; x_wconf 82' lang='grc' dir='ltr'><strong><em>ἄζωστοι.</em></strong></span> <span class='ocrx_word' id='word_1_565' title='bbox 1672 2421 1704 2455; x_wconf 85' lang='grc' dir='ltr'><em>Ε</em></span> <span class='ocrx_word' id='word_1_566' title='bbox 1722 2422 1767 2456; x_wconf 86' lang='lat' dir='ltr'><strong>de</strong></span> 
     </span>
     <span class='ocr_line' id='line_1_95' title="bbox 957 2465 1766 2512; baseline 0.004 -14"><span class='ocrx_word' id='word_1_567' title='bbox 957 2465 1241 2501; x_wconf 85' lang='lat' dir='ltr'><strong>Atheniensibus·</strong></span> <span class='ocrx_word' id='word_1_568' title='bbox 1283 2466 1389 2511; x_wconf 82' lang='grc' dir='ltr'><strong><em>μέχρι</em></strong></span> <span class='ocrx_word' id='word_1_569' title='bbox 1419 2480 1508 2511; x_wconf 84' lang='grc' dir='ltr'><strong><em>γαρ,</em></strong></span> <span class='ocrx_word' id='word_1_570' title='bbox 1548 2467 1662 2511; x_wconf 73' lang='grc' dir='ltr'><strong><em>φασὶ,</em></strong></span> <span class='ocrx_word' id='word_1_571' title='bbox 1700 2468 1766 2512; x_wconf 88' lang='grc' dir='ltr'><strong>τῆς</strong></span> 
     </span>
    </p>
   </div>
   <div class='ocr_carea' id='block_1_12' title="bbox 955 2492 1831 2605">
    <p class='ocr_par' dir='ltr' id='par_1_15' title="bbox 955 2492 1831 2605">
     <span class='ocr_line' id='line_1_96' title="bbox 957 2492 1831 2558; baseline 0.002 -12"><span class='ocrx_word' id='word_1_572' title='bbox 957 2511 1176 2553; x_wconf 78' lang='grc' dir='ltr'><strong><em>Περικλέους</em></strong></span> <span class='ocrx_word' id='word_1_573' title='bbox 1209 2514 1428 2558; x_wconf 84' lang='grc' dir='ltr'><strong><em>στρατηγίας</em></strong></span> <span class='ocrx_word' id='word_1_574' title='bbox 1459 2513 1635 2558; x_wconf 87' lang='grc' dir='ltr'><strong><em>ποδήρεις</em></strong></span> <span class='ocrx_word' id='word_1_575' title='bbox 1651 2492 1766 2558; x_wconf 75' lang='grc' dir='ltr'><strong><em>εἶχον</em></strong></span> <span class='ocrx_word' id='word_1_576' title='bbox 1830 2525 1831 2529; x_wconf 72' lang='grc'>’</span> 
     </span>
     <span class='ocr_line' id='line_1_97' title="bbox 955 2559 1831 2605; baseline 0.001 -13"><span class='ocrx_word' id='word_1_577' title='bbox 955 2571 1133 2602; x_wconf 82' lang='grc' dir='ltr'><strong><em>χιτωνας,</em></strong></span> <span class='ocrx_word' id='word_1_578' title='bbox 1161 2561 1366 2603; x_wconf 82' lang='grc' dir='ltr'><strong><em>φοροῦντες</em></strong></span> <span class='ocrx_word' id='word_1_579' title='bbox 1389 2559 1451 2594; x_wconf 79' lang='grc' dir='ltr'><strong>καὶ</strong></span> <span class='ocrx_word' id='word_1_580' title='bbox 1473 2559 1646 2605; x_wconf 82' lang='grc' dir='ltr'><strong><em>τέττιγας.</em></strong></span> <span class='ocrx_word' id='word_1_581' title='bbox 1671 2561 1765 2594; x_wconf 73' lang='lat' dir='ltr'><strong>tum·-</strong></span> <span class='ocrx_word' id='word_1_582' title='bbox 1830 2596 1831 2600; x_wconf 43' lang='lat'>,</span> 
     </span>
    </p>
   </div>
   <div class='ocr_carea' id='block_1_13' title="bbox 955 2605 1764 2786">
    <p class='ocr_par' dir='ltr' id='par_1_16' title="bbox 955 2605 1764 2786">
     <span class='ocr_line' id='line_1_98' title="bbox 958 2605 1764 2650; baseline 0.002 -12"><span class='ocrx_word' id='word_1_583' title='bbox 958 2616 1016 2638; x_wconf 84' lang='lat' dir='ltr'><strong>cas</strong></span> <span class='ocrx_word' id='word_1_584' title='bbox 1042 2606 1175 2638; x_wconf 83' lang='lat' dir='ltr'><strong>talares</strong></span> <span class='ocrx_word' id='word_1_585' title='bbox 1200 2605 1303 2646; x_wconf 89' lang='lat' dir='ltr'><strong>dicit,</strong></span> <span class='ocrx_word' id='word_1_586' title='bbox 1332 2605 1528 2640; x_wconf 79' lang='lat' dir='ltr'><strong>vestimenti</strong></span> <span class='ocrx_word' id='word_1_587' title='bbox 1552 2617 1659 2650; x_wconf 86' lang='lat' dir='ltr'><strong>genus</strong></span> <span class='ocrx_word' id='word_1_588' title='bbox 1684 2607 1764 2640; x_wconf 83' lang='lat' dir='ltr'><strong>bar-</strong></span> 
     </span>
     <span class='ocr_line' id='line_1_99' title="bbox 956 2650 1764 2695; baseline 0.003 -11"><span class='ocrx_word' id='word_1_589' title='bbox 956 2650 1031 2684; x_wconf 88' lang='lat' dir='ltr'><strong>bari</strong></span> <span class='ocrx_word' id='word_1_590' title='bbox 1057 2662 1098 2684; x_wconf 91' lang='lat' dir='ltr'><strong>ac</strong></span> <span class='ocrx_word' id='word_1_591' title='bbox 1122 2651 1313 2692; x_wconf 89' lang='lat' dir='ltr'><strong>muliebris,</strong></span> <span class='ocrx_word' id='word_1_592' title='bbox 1337 2652 1430 2695; x_wconf 88' lang='lat' dir='ltr'><strong>quod</strong></span> <span class='ocrx_word' id='word_1_593' title='bbox 1455 2652 1488 2685; x_wconf 91' lang='lat' dir='ltr'><strong>in</strong></span> <span class='ocrx_word' id='word_1_594' title='bbox 1508 2652 1618 2686; x_wconf 82' lang='lat' dir='ltr'><strong>Verre</strong></span> <span class='ocrx_word' id='word_1_595' title='bbox 1642 2656 1677 2685; x_wconf 87' lang='lat' dir='ltr'><strong>et</strong></span> <span class='ocrx_word' id='word_1_596' title='bbox 1693 2653 1764 2686; x_wconf 85' lang='lat' dir='ltr'><strong>Ca·</strong></span> 
     </span>
     <span class='ocr_line' id='line_1_100' title="bbox 955 2696 1763 2751; baseline 0.003 -22"><span class='ocrx_word' id='word_1_597' title='bbox 955 2696 1075 2730; x_wconf 89' lang='lat' dir='ltr'><strong>tilinae</strong></span> <span class='ocrx_word' id='word_1_598' title='bbox 1106 2697 1281 2731; x_wconf 90' lang='lat' dir='ltr'><strong>sodalibus</strong></span> <span class='ocrx_word' id='word_1_599' title='bbox 1313 2697 1536 2751; x_wconf 87' lang='lat' dir='ltr'><strong>reprehendit</strong></span> <span class='ocrx_word' id='word_1_600' title='bbox 1560 2697 1634 2732; x_wconf 88' lang='lat' dir='ltr'><strong>Cic.</strong></span> <span class='ocrx_word' id='word_1_601' title='bbox 1661 2698 1763 2732; x_wconf 89' lang='lat' dir='ltr'><strong>Verr.</strong></span> 
     </span>
     <span class='ocr_line' id='line_1_101' title="bbox 956 2741 1759 2786; baseline 0.003 -10"><span class='ocrx_word' id='word_1_602' title='bbox 956 2743 1085 2784; x_wconf 91' lang='grc'><strong><em>5,13.,</em></strong></span> <span class='ocrx_word' id='word_1_603' title='bbox 1111 2742 1211 2776; x_wconf 86' lang='lat' dir='ltr'><strong>Catil.</strong></span> <span class='ocrx_word' id='word_1_604' title='bbox 1232 2745 1276 2784; x_wconf 78' lang='lat'><strong>2,</strong></span> <span class='ocrx_word' id='word_1_605' title='bbox 1304 2746 1358 2777; x_wconf 91' lang='lat'><strong>10.</strong></span> <span class='ocrx_word' id='word_1_606' title='bbox 1404 2754 1437 2776; x_wconf 83' lang='lat' dir='ltr'><strong>v.</strong></span> <span class='ocrx_word' id='word_1_607' title='bbox 1463 2742 1505 2786; x_wconf 80' lang='grc' dir='ltr'><strong><em>ζ’,</em></strong></span> <span class='ocrx_word' id='word_1_608' title='bbox 1529 2741 1619 2785; x_wconf 76' lang='grc'><strong><em>442,</em></strong></span> <span class='ocrx_word' id='word_1_609' title='bbox 1646 2743 1759 2778; x_wconf 82' lang='lat' dir='ltr'><strong>Thuc-</strong></span> 
     </span>
    </p>
   </div>
   <div class='ocr_carea' id='block_1_14' title="bbox 957 2788 1828 2832">
    <p class='ocr_par' dir='ltr' id='par_1_17' title="bbox 957 2788 1828 2832">
     <span class='ocr_line' id='line_1_102' title="bbox 957 2788 1828 2832; baseline 0.002 -10"><span class='ocrx_word' id='word_1_610' title='bbox 957 2790 998 2829; x_wconf 90' lang='lat'><strong>1,</strong></span> <span class='ocrx_word' id='word_1_611' title='bbox 1023 2789 1078 2830; x_wconf 92' lang='grc'><strong>6.,</strong></span> <span class='ocrx_word' id='word_1_612' title='bbox 1103 2788 1207 2822; x_wconf 87' lang='lat' dir='ltr'><strong>Schn.</strong></span> <span class='ocrx_word' id='word_1_613' title='bbox 1233 2801 1266 2822; x_wconf 81' lang='lat' dir='ltr'><strong>v.</strong></span> <span class='ocrx_word' id='word_1_614' title='bbox 1290 2801 1412 2832; x_wconf 85' lang='grc' dir='ltr'><strong><em>χιτων.</em></strong></span> <span class='ocrx_word' id='word_1_615' title='bbox 1460 2790 1672 2823; x_wconf 85' lang='lat' dir='ltr'><strong>Baccharum</strong></span> <span class='ocrx_word' id='word_1_616' title='bbox 1692 2790 1761 2825; x_wconf 82' lang='grc' dir='ltr'><strong>πέ-</strong></span> <span class='ocrx_word' id='word_1_617' title='bbox 1826 2788 1828 2792; x_wconf 71' lang='grc'>’</span> 
     </span>
    </p>
   </div>
   <div class='ocr_carea' id='block_1_15' title="bbox 954 2833 1760 2964">
    <p class='ocr_par' dir='ltr' id='par_1_18' title="bbox 954 2833 1760 2964">
     <span class='ocr_line' id='line_1_103' title="bbox 954 2833 1759 2880; baseline -0.001 -11"><span class='ocrx_word' id='word_1_618' title='bbox 954 2837 1071 2875; x_wconf 84' lang='grc' dir='ltr'><strong><em>πλους</em></strong></span> <span class='ocrx_word' id='word_1_619' title='bbox 1087 2833 1264 2878; x_wconf 84' lang='grc' dir='ltr'><strong><em>ποδήρεις</em></strong></span> <span class='ocrx_word' id='word_1_620' title='bbox 1291 2834 1380 2869; x_wconf 84' lang='lat' dir='ltr'><strong>dixit</strong></span> <span class='ocrx_word' id='word_1_621' title='bbox 1401 2834 1522 2880; x_wconf 85' lang='lat' dir='ltr'><strong>Eurip.</strong></span> <span class='ocrx_word' id='word_1_622' title='bbox 1541 2836 1666 2870; x_wconf 89' lang='lat' dir='ltr'><strong>Bacch.</strong></span> <span class='ocrx_word' id='word_1_623' title='bbox 1680 2836 1759 2872; x_wconf 76' lang='lat'><strong>727.</strong></span> 
     </span>
     <span class='ocr_line' id='line_1_104' title="bbox 1001 2879 1759 2926; baseline 0 -11"><span class='ocrx_word' id='word_1_624' title='bbox 1001 2882 1212 2916; x_wconf 63' lang='lat'><strong>636—693.</strong></span> <span class='ocrx_word' id='word_1_625' title='bbox 1266 2882 1462 2923; x_wconf 78' lang='grc' dir='ltr'><strong><em>Λοκροί.</em></strong></span> <span class='ocrx_word' id='word_1_626' title='bbox 1509 2879 1554 2926; x_wconf 83' lang='grc' dir='ltr'><strong><em>β’,</em></strong></span> <span class='ocrx_word' id='word_1_627' title='bbox 1599 2883 1678 2917; x_wconf 81' lang='lat'><strong>527.</strong></span> <span class='ocrx_word' id='word_1_628' title='bbox 1714 2900 1759 2906; x_wconf 93' lang='lat'>—</span> 
     </span>
     <span class='ocr_line' id='line_1_105' title="bbox 958 2927 1760 2964; baseline 0 -3"><span class='ocrx_word' id='word_1_629' title='bbox 958 2928 1028 2961; x_wconf 82' lang='grc' dir='ltr'><strong>Φθ</strong></span> <span class='ocrx_word' id='word_1_630' title='bbox 1042 2930 1083 2962; x_wconf 90' lang='grc' dir='ltr'><strong><em>ῖο</em></strong></span> <span class='ocrx_word' id='word_1_631' title='bbox 1095 2940 1118 2960; x_wconf 92' lang='grc' dir='ltr'><strong>ι.</strong></span> <span class='ocrx_word' id='word_1_632' title='bbox 1162 2939 1197 2960; x_wconf 87' lang='lat' dir='ltr'><strong>v.</strong></span> <span class='ocrx_word' id='word_1_633' title='bbox 1229 2927 1314 2960; x_wconf 88' lang='lat' dir='ltr'><strong>ibid.</strong></span> <span class='ocrx_word' id='word_1_634' title='bbox 1347 2938 1424 2960; x_wconf 90' lang='lat' dir='ltr'><strong>ann.</strong></span> <span class='ocrx_word' id='word_1_635' title='bbox 1457 2927 1501 2961; x_wconf 82' lang='lat' dir='ltr'><strong>ad</strong></span> <span class='ocrx_word' id='word_1_636' title='bbox 1537 2929 1615 2964; x_wconf 83' lang='lat'><strong>683.</strong></span> <span class='ocrx_word' id='word_1_637' title='bbox 1657 2927 1760 2961; x_wconf 83' lang='lat' dir='ltr'><strong>Sch.=</strong></span> 
     </span>
    </p>
   </div>
   <div class='ocr_carea' id='block_1_16' title="bbox 955 2970 1826 3018">
    <p class='ocr_par' dir='ltr' id='par_1_19' title="bbox 955 2970 1826 3018">
     <span class='ocr_line' id='line_1_106' title="bbox 955 2970 1826 3018; baseline 0 -10"><span class='ocrx_word' id='word_1_638' title='bbox 955 2970 1321 3018; x_wconf 84' lang='grc' dir='ltr'><strong><em>φαιδιμόεντες.</em></strong></span> <span class='ocrx_word' id='word_1_639' title='bbox 1359 2973 1480 3017; x_wconf 86' lang='lat' dir='ltr'><strong>(semel</strong></span> <span class='ocrx_word' id='word_1_640' title='bbox 1505 2973 1661 3017; x_wconf 85' lang='lat' dir='ltr'><strong>dictum.)</strong></span> <span class='ocrx_word' id='word_1_641' title='bbox 1684 2971 1762 3009; x_wconf 82' lang='grc' dir='ltr'><strong><em>ἐπι·</em></strong></span> <span class='ocrx_word' id='word_1_642' title='bbox 1824 2972 1826 2985; x_wconf 87' lang='grc'><strong>“</strong></span> 
     </span>
    </p>
   </div>
   <div class='ocr_carea' id='block_1_17' title="bbox 1828 0 1877 2892">
    <p class='ocr_par' dir='ltr' id='par_1_20' title="bbox 1828 0 1877 2892">
     <span class='ocr_line' id='line_1_107' title="bbox 1828 0 1877 2892; baseline 0 0"><span class='ocrx_word' id='word_1_643' title='bbox 1828 0 1877 2892; x_wconf 95' lang='lat' dir='ltr'><strong> </strong></span> 
     </span>
    </p>
   </div>
  </div>
 </body>
</html>
