1847 3277
153 647 312 702 σφάξ’·

29 1434 88 1468 in
121 1435 274 1469 omnibus
305 1436 402 1471 libris
435 1437 633 1472 habeantur.
690 1437 799 1482 magis

0 1485 81 1514 lno
115 1487 311 1526 corruptum
347 1495 422 1516 esse
455 1495 575 1518 nomen
601 1482 658 1528 Ἀχ
660 1483 800 1524 ελωϊον,

28 1526 88 1559 lod
111 1534 148 1561 et
169 1532 305 1561 veteres
321 1529 473 1569 offendit,
500 1541 572 1563 cum
592 1531 636 1564 ad
637 1497 800 1574 ZLydiam

28 1584 63 1605 Jn
97 1573 292 1616 pertineant
316 1575 549 1616 Acarnaniae,
579 1577 730 1619 Achajae
764 1580 801 1609 et

33 1618 200 1652 hessaliae
224 1619 318 1652 fluvii
342 1621 571 1664 cognomines
597 1633 659 1655 nec
680 1621 799 1666 explo-

27 1669 109 1697 ttum
129 1665 177 1697 sit.
194 1665 237 1698 de
251 1664 312 1698 illo
334 1667 500 1706 Acheloo
524 1679 622 1712 quem
642 1667 677 1701 in
695 1667 801 1711 Sipy-

0 1717 3 1755 ς
27 1725 32 1741 ι
52 1716 166 1743 monte
183 1710 268 1744 oriri
291 1711 340 1744 ait
362 1712 462 1745 Paus.
486 1692 528 1753 8,
553 1715 624 1753 38.,
648 1719 802 1754 auctore,

25 1763 103 1796 uto,
129 1755 275 1791 Homero
301 1758 334 1791 h.
358 1758 399 1796 1.,
432 1759 563 1802 pridem
598 1759 803 1813 depravato.

40 1801 76 1834 il.
96 1807 315 1836 controversa
334 1810 386 1837 est
403 1804 583 1858 scriptura
609 1803 803 1848 Ἀχελώὶον.

24 1848 53 1899 23
83 1846 178 1887 τινὲς
210 1846 276 1883 τὸν
305 1847 475 1884 ἐνταῦθα
498 1850 688 1895 εἰρημένον
711 1849 804 1894 'Aze-

23 1891 114 1928 (ὑίον
135 1892 309 1938 Ἀχελήϊον
331 1895 530 1939 γράφουσι,
557 1897 717 1940 λέγοντες
737 1909 803 1930 πο-

24 1939 121 1982 αμὸν
145 1938 240 1975 εἶναι
273 1939 347 1976 ἀπὸ
372 1941 541 1977 Σιπύλου
565 1945 616 1984 εἰς
643 1943 709 1988 τήν
734 1944 807 1976 τῶν

23 1987 227 2030 Ξμυρναίων
251 1985 382 2028 ῥέοντα
406 1990 486 2032 γῆν.
518 1990 599 2025 Sch.
624 1996 660 2023 et.
681 1990 726 2022 S‹
728 1989 808 2023 boll

23 2032 446 2089 'eneti,eademscriptura
458 2040 658 2069 memorata:
673 2035 810 2079 Ἀχέλης

28 2076 72 2120 ἀρ
94 2078 263 2122 ποταμὸς
285 2077 360 2115 ἀπὸ
387 2080 557 2116 Σιπύλου
581 2080 655 2124 ῥέει
673 2083 722 2121 εἰς
740 2083 809 2124 τὴν

40 2127 232 2168 μυρναίων
254 2125 334 2170 γῆν.
361 2126 457 2182 ipse
482 2127 598 2161 Schol.
626 2128 740 2168 vict„
765 2128 808 2161 ab

22 2171 40 2204 1
63 2169 533 2213 en1endatus·uv{4·‚ai'z’
561 2171 810 2217 ἀμφ”Αχε-

21 2214 186 2259 ήσιον,
211 2217 309 2261 (sic.)
332 2217 499 2263 ποταμὸς
521 2217 561 2254 δὲ
584 2221 748 2261 Λυδίας,
773 2217 811 2262 ἐξ

31 2262 274 2308 ὗπληροῦται
286 2263 425 2306 “Τλλος.
460 2266 522 2301 καὶ
535 2262 731 2308 Ηρακλέος
749 2279 811 2300 νο-

21 2311 168 2356 {navt-oc
183 2307 241 2344 ἐπὶ
259 2313 334 2345 τῶν
350 2310 491 2355 τόπων,
512 2311 727 2349 ἀναδόντων
743 2325 812 2347 αν·

19 2358 61 2403 ,ᾧ
84 2355 208 2412 θερμὰ
236 2356 383 2399 λουτρὰ
403 2359 475 2393 τῶν
501 2372 699 2414 ποταμων,
725 2357 813 2400 τούς

39 2393 170 2442 αἰδας’
170 2400 294 2438 ’Τλλον
324 2402 467 2439 ἐκάλεσε
493 2405 554 2439 καὶ
579 2405 643 2440 τὸν
669 2404 706 2448 ἐξ
727 2402 813 2449 Ὀμ-

45 2449 134 2494 άλης
143 2445 333 2506 Ἀχελῆτα,
358 2447 398 2489 ὃς
419 2452 554 2485 Λυδῶν
576 2451 814 2498 ἐβασίλευσεν.

50 2495 84 2531 σὶ
117 2493 158 2530 δε
191 2496 252 2531 καὶ
290 2495 451 2541 Νύμφαι
486 2495 736 2554 Ἀχελητίδες,
765 2496 817 2536 ὥς

0 2562 4 2569 ·
48 2552 112 2587 ησι
134 2541 336 2583 Πανύασις.
384 2543 420 2578 οὶ
445 2541 484 2578 δὲ
506 2541 697 2588 Ἆχελῶον,
721 2541 817 2586 ὁμό-

0 2609 2 2616 ·
62 2599 134 2633 μον
158 2589 211 2634 τῷ
234 2590 378 2635 Αἰτωλῷ
401 2595 468 2623 etc.
515 2590 626 2634 igitur
652 2590 707 2623 hic
732 2601 818 2634 quo-

65 2647 85 2669 e
108 2623 194 2679 legfft‘
223 2646 356 2669 versum
381 2637 483 2670 616.-
473 2659 484 2676 ,
517 2647 580 2669 nec
611 2645 820 2679 consequens

0 2707 2 2715 ι
85 2704 95 2721 ,
122 2691 218 2722 eum,
253 2682 314 2725 qui
346 2681 482 2715 deorum
519 2682 661 2726 patriam
696 2681 821 2714 dixerit

19 2726 186 2770 Sipylum,
211 2732 395 2772 propterea
414 2727 568 2761 Naiadas
586 2727 747 2771 quasdam
762 2737 822 2760 ex—

0 2771 148 2817 :pellere
178 2783 219 2806 ex
243 2784 305 2814 eo,
338 2772 475 2806 fluvium
502 2773 693 2816 indigenam
724 2784 822 2806 acco-

21 2819 139 2852 lentes.
186 2830 292 2862 quare
321 2819 491 2852 servanda
525 2820 609 2852 haec
632 2830 707 2852 esse
731 2817 823 2850 arbi-

21 2868 116 2904 tror,
141 2864 201 2897 sed
220 2864 431 2898 scribendum
449 2864 484 2898 ’A
486 2863 650 2908 χελήσιον
669 2863 723 2896 vel
739 2860 823 2905 Ἀχε-

0 2888 153 2952 1λήίὀ’ν,
184 2909 271 2954 quod
305 2921 424 2944 nomen
449 2911 560 2944 rarius
593 2909 823 2943 oblitteratum

25 2955 165 2988 videtur
193 2966 214 2988 a
243 2954 386 2989 tritiori.
442 2964 591 2990 ceterum
623 2966 688 2989 non
727 2954 824 2988 modo

26 3001 113 3034 hunc
132 3011 288 3041 versum,
308 3002 368 3035 sed
392 3001 494 3036 etiam
513 3002 597 3036 duos
624 3001 827 3036 anteceden—

535 182 966 223 ΙΛῙΛΔΟΣ
1018 183 1074 222 Ω..

1538 185 1620 224 307

102 295 118 314 *
148 287 404 344 Νυμφάων,
434 287 520 332 αἴτ’
552 288 667 343 ἄμφ’
690 287 917 360 Ἀχελώϊον
939 288 1199 342 έρῤώσαντο,

154 345 280 398 ξ’,νθα
309 349 432 396 λίθος
459 361 538 417 περ
567 345 723 394 ἐοῦσα,
756 349 876 388 θεων
901 344 947 388 ἐκ
976 344 1109 400 κήδεα
1135 345 1292 388 πέσσει.

151 400 245 444 ἀλλ’
276 401 354 456 ἄγε
380 401 432 456 δὴ
461 402 534 444 καὶ
561 405 645 444 νωῖ
653 400 920 459 μεδώμεθα,
955 372 1028 444 δῖε’
1047 400 1202 456 γεραιὲ,

152 459 299 500 σίτου.1
335 456 478 500 ἔπειτα
507 473 583 501 κεν
611 459 715 501 αὖτε
744 459 879 512 φίλον
906 459 1041 501 παῖδα
1069 458 1317 508 κλαίοισθα,

41 519 124 558 620
142 512 279 556 ’Ἱλιον
307 513 571 569 εἰσαγαγών·
609 513 938 570 πολυδάκρυτος
965 513 1012 556 δέ
1040 529 1107 556 τοι
1136 513 1297 556 ἕσται.“

224 588 300 644 H,
329 592 402 635 καὶ
431 589 649 644 αναΐξας’
633 591 705 635 όϊν
735 590 940 648 ἄργυφον
972 591 1088 642 ωκύς
1111 589 1322 648 Ἀχιλλεύς

346 647 501 718 ἔταροι
529 651 574 692 δ’
604 647 754 702 ἔδερόν
791 665 856 702 τε,
893 649 967 692 καὶ
996 648 1206 718 ἄμφεπον
1225 648 1274 690 εὐ
1309 663 1418 690 κατα
1448 647 1630 704 κόσμον,

150 702 385 758 μίστυλλόν
414 703 454 747 τ’
486 702 564 759 ἄρ’
595 705 905 758 ἐπισταμένως,
932 705 1086 757 πεῖράν
1113 702 1158 746 τ’
1185 702 1416 757 ὀβελοῖσιν,

157 759 361 830 ω’πτησάν
389 777 434 804 τε
463 762 784 833 περιφραδέως,
813 760 1027 815 ἐρύσαντό
1056 776 1100 803 τε
1129 759 1274 803 πάντα

43 819 124 861 625
154 814 418 870 Αὐτομέδων
439 816 490 861 δ’
523 817 608 872 α’ροι
635 823 756 862 σῖτον
786 818 896 862 έλων
925 818 1114 871 ἐπένειμε
1128 816 1328 887 τραπέζῃ

153 877 303 924 καλοῖς
332 872 378 916 ἐν
408 875 650 918 κανέοισιν·
681 872 791 929 ἀτὰρ
821 875 929 928 κρέα
955 878 1103 928 νεῖμεν
1128 871 1350 927 Ἀχιλλεύς.

157 931 200 972 οἱ
229 928 271 972 6’
303 928 370 972 ἐπ’
403 929 571 974 ὀνείαθ’
601 930 749 985 ἑτοῖμα
779 931 1042 1002 προκείμενα
1071 934 1216 984 χεῖρας
1244 930 1407 972 ἴαλλον.

160 983 299 1042 αὐτὰρ
331 986 418 1030 ἐπει
451 988 606 1038 πόσιος
634 988 708 1030 καὶ
737 987 916 1056 ἐδητύος
945 986 987 1038 ἐξ
1017 985 1121 1039 ε’ρον
1151 987 1261 1035 ἕντο,

159 1043 254 1095 ἠτοι
281 1045 557 1115 Δαρδανίδης
588 1045 788 1098 Πρίαμος
817 1041 1010 1112 θαύμαζ’
1037 1041 1223 1110 Ἀχιλῆα,

48 1103 130 1143 630
158 1098 290 1148 ὅσσος
320 1099 414 1154 εἠν,
445 1097 538 1150 οἷός
566 1113 631 1143 τε·
660 1105 801 1143 θεοῖσι
830 1100 914 1155 γάρ
945 1115 1056 1142 αντα
1085 1096 1221 1153 ἐῴκει.

160 1152 300 1207 αυτοὶρ
332 1155 356 1198 6
385 1158 666 1226 Δαρδανίδην
698 1158 900 1212 Πρίαμον
927 1155 1150 1224 θαύμαζεν
1171 1151 1399 1222 Ἀχιλλευς,

156 1210 370 1263 εἰσορόων
398 1211 502 1263 ὄψιν
530 1210 571 1255 τ’
604 1212 796 1268 οἶγαθὴν,
827 1213 901 1255 καὶ
929 1215 1077 1265 μῦθον
1106 1209 1291 1253 ακούων.

163 1265 304 1323 αὐτὰρ
336 1268 425 1312 ἐπεὶ
453 1268 678 1325 τάρπησαν
707 1269 750 1320 ἐς
779 1251 993 1325 αλλήλόυς
1023 1266 1245 1322 ὁρόωντες,

844 1442 918 1479 tes,
950 1441 986 1470 et
1010 1447 1103 1475 eum,
1132 1433 1191 1477 qui
1216 1433 1389 1477 sequitur,
1424 1431 1579 1465 futilibus
1603 1431 1645 1464 de

845 1483 957 1517 causis
981 1481 1198 1515 Scholiastae
1223 1484 1259 1512 et
1281 1479 1337 1512 alii
1355 1478 1645 1511 insimulaverunt.

844 1549 889 1554 —
904 1527 1188 1572 ἐῤῥιόσαντο,
1207 1537 1306 1558 rucne
1319 1536 1378 1557 seu
1390 1535 1514 1557 moverz
1527 1525 1646 1556 solent

844 1575 946 1609 Sch.:
977 1575 1114 1611 αἵτινες
1136 1571 1216 1614 περὶ
1241 1570 1282 1605 τὸ
1314 1568 1417 1613 ’ὕδωρ
1441 1569 1647 1613 χορεύουσι.

845 1633 878 1653 v.
902 1619 949 1662 α’,
973 1621 1054 1660 529,
1077 1618 1116 1659 λ’,
1140 1619 1198 1658 50,
1221 1614 1275 1658 ’ψ’
1300 1618 1366 1651 367
1390 1623 1456 1649 etc.
1488 1616 1549 1656 „id
1566 1615 1650 1648 alias

847 1667 934 1721 djcit
966 1667 1166 1701 δινεῖσθαι.
1224 1662 1394 1696 Hesiodus
1427 1662 1562 1704 Ίὴεος.
1593 1663 1647 1695 8.·

849 1710 1047 1768 ἀκροτάτῳ
1062 1709 1231 1746 Ελικηῗνι
1262 1721 1393 1752 χορους
1404 1706 1652 1766 xvsfotrl'o‘ow-

847 1772 888 1793 το
929 1757 1089 1798 Καλους,
1133 1754 1360 1798 ιμερόεντας,
1397 1751 1652 1797 ἐπεῤῥώσαντο

849 1804 891 1841 δε
911 1806 1056 1840 ποσσίν.
1060 1808 1084 1824 “
1108 1804 1163 1836 Ex
1184 1802 1229 1837 11.

896 1875 1015 1909 617—
1027 1874 1106 1907 620.
1153 1869 1282 1905 θεῶν
1313 1886 1355 1892 -
1382 1866 1553 1902 πέσσει
1599 1865 1655 1902 ε’κ-

851 1919 974 1955 πέσσει
1006 1917 1120 1973 ‚fiam
1151 1918 1274 1955 θεῶν,
1311 1915 1470 1952 deorum,
1507 1915 1539 1946 h.
1566 1925 1595 1946 e.
1635 1925 1657 1948 a

855 1967 942 2000 diis
934 1965 1109 2004 1mmissas‚
1135 1963 1350 1996 calamitates
1363 1960 1563 2013 concoquit,
1575 1961 1658 1992 mol-

854 2013 916 2053 lit,
952 2013 1067 2045 domat
1097 1990 1313 2054 {mi-ferendo,
1350 2018 1382 2038 v.
1414 2007 1503 2045 639,
1530 2003 1575 2045 α’,
1600 2007 1658 2046 81,

856 2057 899 2105 β’,
924 2060 991 2092 237
1030 2076 1069 2082 -—-
1085 2056 1227 2089 Ἴλιον
1263 2050 1544 2106 εἰσαγαγών.
1588 2051 1659 2084 Ευ-

854 2106 920 2148 rip.
945 2104 1032 2137 Hec.
1061 2103 1180 2137 10880
1205 2097 1323 2140 μόνον
1348 2097 1387 2132 δε
1413 2097 1480 2131 σὺν
1504 2095 1662 2132 τέκνοισί

855 2149 899 2196 μ’
933 2148 1065 2193 εἰσάγει
1100 2146 1261 2189 Δὸμους.
1307 2156 1339 2177 v.
1371 2145 1458 2185 719,
1491 2145 1580 2184 700,
1616 2141 1660 2184 κ’,
1694 2178 1698 2185 ,

858 2197 944 2238 195,
968 2194 1020 2239 φ’,
1042 2194 1110 2230 269
1133 2198 1198 2227 etc.

902 2267 992 2306 621,
1018 2264 1097 2305 622.
1137 2261 1381 2312 ἄργυφον,
1408 2255 1533 2302 αργόν.
1567 2258 1662 2291 albus

858 2312 952 2346 color
974 2290 1118 2343 fau'stns.
1137 2327 1180 2333 —
1205 2307 1306 2340 Schx
1299 2330 1306 2338 .
1330 2302 1565 2347 ἄμφεπον.
1596 2302 1663 2358 (π’,

861 2358 947 2398 124,
973 2355 1015 2397 σ’,
1040 2356 1107 2389 559
1128 2354 1215 2396 etc.)
1240 2355 1452 2392 περιεῖπον,
1484 2350 1565 2391 mol
1593 2345 1663 2383 αὕ-

858 2403 924 2438 τὸν
960 2400 1196 2446 ἠσχολοῦντο.
1233 2418 1278 2423 -
1318 2394 1436 2431 κατὰ
1475 2395 1662 2439 κόσμον.

859 2448 904 2496 β’,
928 2449 997 2483 214
1015 2454 1081 2482 etc.

907 2507 996 2546 623,
1019 2503 1051 2538 4.
1101 2501 1150 2543 α’,
1174 2501 1262 2542 465,
1289 2498 1335 2545 β’,
1363 2499 1431 2534 428
1451 2503 1485 2532 et
1504 2510 1596 2543 seqq.

908 2563 996 2603 625,
1022 2563 1055 2597 6.
1104 2558 1258 2593 similiter
1283 2555 1318 2598 ι’,
1341 2557 1429 2595 216,
1454 2555 1531 2589 217.

911 2621 997 2660 627,
1021 2620 1053 2653 8.
1101 2615 1136 2657 ι’,
1160 2616 1228 2658 91,
1251 2615 1308 2648 92.
1344 2613 1387 2647 cf.
1413 2610 1459 2652 α’,
1485 2613 1564 2646 469.

914 2676 1128 2713 630-633.
1163 2668 1322 2710 ὅσσος,
1346 2667 1667 2721 οἷόςτε,ιμι(ιη-

868 2730 923 2758 tus
947 2728 980 2756 ct
1004 2722 1125 2766 qualis.
1173 2727 1280 2755 οσσος
1314 2714 1356 2748 ad
1391 2712 1543 2757 corporis
1565 2713 1667 2748 indo-

869 2771 930 2803 lem
955 2772 1110 2811 spectat,
1136 2761 1214 2802 οἶος
1239 2762 1281 2795 ad
1304 2759 1415 2794 animi.
1435 2776 1479 2784 —
1502 2761 1669 2794 θεοῖσι

869 2811 1083 2858 -ἐῴκει,
1122 2810 1166 2843 cf.
1193 2809 1270 2842 258.
1297 2825 1341 2830 -
1372 2804 1502 2839 ἄντα.
1534 2818 1577 2845 ν,
1606 2806 1670 2840 184

871 2867 936 2894 etc.
961 2879 1006 2885 —
1048 2857 1148 2891 Sch.:
1182 2848 1387 2897 ἀγαθήν.
1429 2851 1496 2885 νῦν
1519 2830 1577 2885 ἐπῖ
1601 2853 1670 2886 τοῦ

872 2907 1005 2946 εἴδους.
1047 2903 1106 2946 (id
1137 2898 1300 2933 Germani
1335 2907 1468 2940 quoque
1493 2897 1594 2941 vulgo
1617 2897 1671 2931 di-

872 2958 951 2985 cunt
982 2952 1054 2985 sein
1075 2951 1177 3004 gates
1199 2944 1367 2986 Ansehn.)
1410 2941 1670 2987 τάρπησαν

873 2998 990 3041 (513.)
1015 2987 1552 3088 ἐκορέσθησαν,2έόἐὲφθησαν.
