1847 3277
1366 177 1414 215 Τ.

145 170 227 209 150
527 171 867 212 OMHPOT
929 174 1295 214 ΙΛΙΑΛΟΣ

309 277 449 348 πάντη
478 293 521 321 τε
551 281 744 323 κλονέων
771 280 931 332 α’νεμος
961 280 1105 335 φλόγα
1134 283 1375 343 εἰλυφάζει,

262 395 280 413 ᾖ
309 332 366 383 ὡς
395 333 470 387 ὅγε
497 334 637 390 πάντη
666 342 778 379 θῦνε
807 337 890 379 6vv
921 337 1049 391 ἔγχεϊ,
1082 340 1259 392 δαίμονι
1288 353 1406 390 ισος,

315 391 623 457 κτεινομένους
653 393 849 447 εφέπων·
882 393 949 446 ῥέε
982 392 1023 435 δ’
1053 395 1202 449 αἵματι
1229 401 1334 463 :potia
1362 397 1552 450 μέλαινα.

195 448 276 490 495
310 443 392 497 [ώς
421 445 462 488 δ’
495 447 565 490 ὅτε
594 466 658 498 τις
685 448 807 504 ζεύξῃ
838 449 947 520 βόας
978 450 1162 502 ἄρσενας
1190 451 1553 505 εὐρυμετώπους,

306 502 554 556 τριβέμεναι
584 511 662 557 κρῖ
690 505 846 548 λευκὸν
877 507 1113 575 ἐϋκτιμένῃ
1128 506 1174 549 ἐν
1204 506 1341 578 ἅλωη,

308 558 449 612 ῥίμφα
476 576 520 602 τε
550 558 672 603 λέπτ’
708 562 907 616 ἐγένοντο
938 565 1058 616 βοῶν
1087 560 1173 606 ὑπὸ
1203 562 1332 607 πόσσ’
1366 564 1613 621 ἐριμύκων,

306 613 365 664 ὡς
394 613 475 657 ὑπ’
501 615 719 684 Ἀχιλλῆος
747 618 1007 686 μεγαθύμου
1038 618 1230 674 μώνυχες
1260 622 1386 664 ἵπποι

304 675 474 725 στειβον
503 671 616 722 ὁαοῠ
645 674 806 725 νέκυάς
833 693 876 718 τε
903 676 976 719 καὶ
1007 675 1208 725 ἀσπίδας·
1241 678 1389 725 αἵματι
1420 676 1462 720 δ’
1494 677 1613 729 ἄξων

191 730 274 771 500
303 728 461 779 ἰέρθεν
493 728 606 780 ἅπας
635 730 902 779 πεπάλακτο,
931 732 1004 775 καὶ
1033 730 1214 787 ἄντυγες
1246 736 1292 776 αἱ
1318 735 1416 787 περὶ
1447 735 1628 788 δίφρον,

304 782 367 833 ἅς
385 782 457 837 αρ’
464 783 570 854 αφ’

607 787 791 830 ἱππείων
822 787 991 831 ὁπλέων
1019 789 1287 859 ραθάμιγγες
1315 790 1517 844 ἔβαλλον,

303 841 353 882 αι’
378 839 416 882 τ’
448 839 520 883 ἀπ’
548 842 846 898 ἐπισσώτρων·
886 843 909 887 ὁ
941 845 987 888 δὲ
1019 847 1108 888 ἱετο
1139 848 1275 896 κῦδος
1294 845 1491 915 αρέσθαι

305 899 536 955 Πηλείδης,
568 899 720 959 λύθρῳ
752 904 798 944 δε
827 901 1069 945 παλάσσετο
1099 906 1244 957 χεῖρας
1279 900 1508 956 ααπτους]

131 1007 218 1045 239
253 1004 303 1048 λ,
337 1008 416 1045 494.
439 1031 483 1036 ——
524 1013 744 1049 κλονέων.
779 1013 834 1058 δ’,
859 1017 940 1057 302,

131 1050 170 1089 ε’,
193 1054 291 1086 8etc.
308 1055 379 1098 —)
427 1057 681 1104 εἰλυφάζει.
708 1063 759 1104 (v.
779 1061 820 1104 λ,
841 1064 938 1107 156.)

130 1098 239 1140 εἰλεῖ,
261 1101 467 1146 συστρέφει

177 1156 256 1191 494.
274 1160 618 1204 κτεινομένους
637 1162 835 1207 ἐφέπων
850 1165 937 1199 scri-

130 1208 250 1246 ptura,
285 1205 313 1237 si
339 1217 425 1249 quae
450 1208 538 1249 alia,
571 1209 719 1250 insulsa,
755 1224 854 1255 quam
880 1212 936 1246 diu

131 1248 249 1282 tulisse
271 1251 374 1285 miror
400 1254 531 1288 doctos.
580 1255 682 1290 Sch.:
713 1256 785 1291 ἔδει
811 1259 937 1297 εἰπεῖν,

132 1294 242 1339 ἔφεπε
279 1300 441 1332 κτείνων.
504 1300 675 1355 interpres
708 1304 832 1337 latinus
875 1315 936 1336 5ιιο

130 1342 299 1386 periculo:
325 1345 480 1378 occidens
502 1353 535 1380 et
559 1349 756 1391 insequens,
784 1350 856 1384 CL·
881 1362 936 1382 oc-

129 1389 290 1422 eiciendos
322 1390 521 1435 insequens,
567 1393 681 1427 Voss.:
710 1397 870 1453 folgend
893 1408 936 1428 zu

129 1436 226 1467 mord
246 1437 317 1468 und
331 1438 490 1482 geuit'rg'
495 1464 502 1472 .
529 1445 564 1472 at
585 1453 841 1484 κτεινομενους
854 1439 939 1485 ἐφέ-

128 1494 209 1514 πων
251 1487 305 1514 est
344 1485 468 1516 occisos
512 1485 699 1529 insequens.
748 1489 937 1521 scribamus

128 1526 381 1570 στεινομένους
398 1527 557 1571 ἐφέπων
582 1534 618 1564 in
639 1535 826 1577 angustias
845 1546 937 1567 com-

124 1574 241 1617 pulsos
270 1585 485 1630 persequens.
536 1578 693 1612 Xanthus
725 1580 848 1613 fluvius
883 1577 935 1624 φ’,

127 1621 225 1653 2192
245 1618 333 1655 οὐδὲ
352 1623 388 1654 τί
403 1635 453 1664 πη
475 1621 639 1659 δύναμαι
659 1627 827 1669 προχέειν
845 1625 935 1669 ῥόον

126 1666 179 1701 sle
199 1663 269 1699 ἅλα
288 1669 385 1708 δῖαν,
410 1671 494 1703 Στ
482 1669 698 1713 ινὸμενο
713 1686 728 1711 ς
750 1670 933 1708 νεκύεσσι·

127 1723 173 1746 συ
197 1710 237 1746 δε
261 1716 412 1754 κτείνεις
435 1714 609 1756 αἰδὴλως.
642 1715 683 1759 ξ’,
707 1719 787 1754 34.
817 1721 934 1754 στεί-

125 1771 269 1794 νοντο
296 1760 335 1796 δε
360 1762 454 1796 λαοί.
493 1763 622 1808 Odyss
647 1775 690 1803 6,
712 1765 816 1799 384.-
845 1761 934 1800 εἶδ’

124 1800 301 1847 Ὀδυσεύς
343 1805 469 1851 ε’λθοι,
503 1827 548 1832 —
593 1807 694 1851 Αἶψα
726 1811 766 1844 κε’
797 1825 855 1846 τοι
888 1826 934 1847 τα

124 1851 316 1895 θύρετρα,
350 1854 412 1888 καὶ
451 1852 561 1896 ευρέα
594 1869 661 1898 περ
699 1856 788 1900 μάλ’
823 1857 933 1894 ε’όντα

131 1898 307 1942 Φεύγοντι
339 1902 578 1936 στείνοιτο
613 1902 689 1937 διεκ
718 1904 931 1946 προθύροιο

125 1943 279 1988 θύραζε.
314 1947 482 1981 offecerat
505 1949 655 1982 fortasse
682 1960 702 1983 6
721 1949 859 1985 litterae
878 1963 932 1986 se-

126 2003 233 2035 quens
253 2004 279 2025 s
274 1991 371 2025 'milis
391 2006 423 2034 τ,
449 2005 516 2038 quo
544 1995 634 2028 sacto
657 1995 833 2040 imperitus
856 2010 932 2031 cor—

126 2044 241 2071 rector
276 2050 337 2092 pro
361 2038 476 2083 inepto
501 2041 566 2074 sibi
602 2041 676 2074 viso
700 2043 933 2085 τεινομένους

124 2084 304 2129 scripserit
327 2085 427 2130 longe
450 2086 599 2131 ineptius
621 2089 886 2132 κτεινομένους.

172 2151 384 2188 495-503.
424 2165 545 2187 versus
590 2156 759 2201 suppositi
800 2159 842 2190 ab
879 2170 931 2199 eo,

126 2198 186 2242 qui
205 2210 271 2232 non
295 2200 512 2240 meminisset,
538 2201 685 2244 peditem
707 2203 759 2236 hic
778 2216 932 2249 pugnare

125 2244 305 2284 Achillem,
330 2247 485 2289 quamvis
511 2259 610 2280 curru
635 2248 802 2283 invectum
826 2262 930 2294 supe-

124 2292 217 2324 riore
241 2291 336 2323 libro.
373 2292 507 2325 scilicet
529 2305 629 2326 curru
654 2294 804 2337 desiliit,
839 2307 930 2329 more

125 2338 283 2373 heroum.
318 2349 392 2370 cum
416 2339 562 2381 peditem
589 2341 776 2373 atlventire
812 2342 930 2375 vident

125 2383 275 2421 hostem,
302 2384 350 2415 uti
377 2390 412 2416 et
433 2384 540 2416 missis
561 2385 720 2430 utrinque
745 2388 851 2420 hastis
870 2399 926 2420 so-

125 2429 215 2468 lent,
247 2440 319 2462 cum
353 2429 478 2473 gladiis
510 2431 642 2474 agenda
673 2443 728 2464 res
761 2438 834 2473 est3
875 2435 929 2467 vel

123 2475 307 2515 iratiores,
338 2487 411 2509 cum
437 2487 598 2519 equorum
625 2489 736 2510 moras
762 2479 852 2512 haud
879 2481 927 2512 fe-

126 2526 206 2554 runt
235 2521 297 2564 (v.
321 2519 462 2566 7329,
486 2520 540 2563 δ’,
565 2522 654 2565 419,
688 2522 733 2565 ε’,
757 2525 849 2566 494,
881 2523 931 2567 π’,

985 1015 1062 1056 733,
1082 1015 1147 1049 755
1168 1015 1276 1058 etc.);
1303 1015 1358 1048 vel
1384 1015 1487 1049 etiam
1509 1013 1713 1049 necessitate
1735 1014 1797 1047 ali-

986 1073 1054 1104 qua
1078 1062 1256 1106 compulsi,
1280 1062 1375 1095 velut
1398 1060 1446 1104 μ’,
1471 1064 1566 1096 61-
1581 1063 1634 1096 85.

985 1106 1071 1139 dixit
1102 1107 1222 1146 Hom.,

1264 1112 1303 1140 ut
1336 1108 1440 1140 multa
1471 1106 1596 1151 passim
1632 1107 1796 1149 praeterit
1829 1122 1841 1150 μ

1832 947 1836 956 ι

1832 987 1834 994 v

1830 1017 1834 1049 a*

1672 1060 1706 1092 id
1729 1071 1795 1093 non
1829 1059 1841 1096 ξι

1829 1100 1841 1124 Ι.

983 1152 1136 1193 silentio,
1164 1165 1251 1197 quae
1277 1165 1338 1197 per
1362 1165 1399 1186 se
1423 1154 1524 1186 facile
1548 1152 1795 1195 intelligantur.
1828 1164 1839 1186 ιι

984 1198 1075 1242 quod
1102 1178 1188 1231 vidit
1214 1199 1277 1239 H.;
1303 1200 1478 1243 minusque
1502 1199 1722 1231 dubitandum
1743 1203 1795 1230 est
1826 1195 1838 1249 Ι

984 1245 1027 1276 de
1051 1245 1174 1276 fraude
1200 1249 1384 1289 propterea
1409 1245 1500 1288 quod
1526 1255 1645 1276 versus
1668 1243 1735 1277 498
1753 1262 1792 1268 -—-

1826 1256 1837 1272 l.

983 1290 1060 1323 502
1078 1289 1111 1321 in
1126 1301 1163 1322 re
1177 1290 1330 1322 dissimili
1348 1289 1558 1333 legunturk',
1569 1288 1689 1324 534—
1699 1290 1792 1329 537„
1825 1291 1829 1330 ,¹

982 1335 1061 1368 503.
1088 1342 1210 1374 antem,
1229 1335 1361 1368 nonnisi
1380 1336 1512 1368 nomine
1533 1340 1674 1375 mutato,
1700 1335 1791 1378 ejus-
1824 1341 1828 1379 ξ

983 1381 1058 1413 (lem
1084 1380 1159 1413 libri
1184 1383 1270 1418 169
1298 1382 1390 1414 velut
1408 1382 1643 1415 deficientibus
1668 1383 1792 1425 poetae
1824 1401 1835 1430 ¹·

984 1427 1127 1467 viribus,
1153 1427 1211 1459 ubi
1229 1427 1362 1460 minime
1387 1439 1473 1471 opus
1493 1432 1558 1468 est,
1587 1428 1621 1460 in
1646 1426 1791 1460 dicenda
1823 1432 1835 1462 ἰ

982 1472 1097 1505 herois
1133 1472 1298 1516 principis
1341 1470 1519 1517 ἀριστείᾳ.
1576 1471 1699 1517 quodsi
1737 1471 1791 1505 cui

982 1530 1011 1550 5
1013 1519 1162 1561 rupulus
1187 1518 1286 1552 etiam
1314 1525 1442 1559 restat,
1468 1531 1542 1553 eum
1568 1519 1790 1552 animadver-

982 1569 1056 1597 tere
1076 1564 1225 1607 jubebo,
1252 1576 1350 1609 quam
1376 1566 1463 1599 bene
1485 1577 1605 1598 versus
1626 1564 1704 1599 494
1733 1576 1792 1597 co-
1820 1580 1823 1588 ·

980 1611 1124 1643 haereat
1167 1621 1239 1643 cum
1280 1611 1448 1655 principio
1490 1609 1666 1655 sequentis
1699 1608 1792 1650 libri,

981 1667 1079 1700 quam
1116 1656 1201 1689 male
1226 1661 1339 1690 autem
1368 1659 1448 1693 503.
1483 1663 1519 1690 et
1542 1663 1636 1690 totus
1659 1655 1716 1688 ille
1741 1655 1792 1688 lo-
1818 1659 1822 1680 1

980 1712 1053 1742 cus,
1078 1701 1112 1734 in
1134 1714 1199 1745 quo
1218 1714 1289 1735 cum
1312 1706 1414 1745 poeta
1433 1702 1526 1737 dicat
1548 1712 1656 1747 equos
1676 1701 1792 1735 Achil-
1818 1718 1820 1727 ι

979 1747 1071 1788 leus,
1095 1747 1196 1781 iidem
1220 1748 1432 1801 intelligendi
1456 1761 1530 1782 esse
1551 1749 1729 1782 videantur
1755 1747 1790 1780 in
1816 1750 1820 1784 ζ

979 1772 1094 1826 verbis
1119 1793 1194 1828 αλλ
1225 1790 1285 1828 ότε
1311 1794 1357 1838 δὴ
1383 1795 1500 1838 πόρον
1523 1793 1601 1836 ἷξον
1625 1792 1792 1837 ἕῦῤῥεῖοὲ
1815 1803 1819 1833 ἰ

978 1843 1180 1893 ποταμοῖο,
1215 1852 1277 1874 nec
1308 1841 1392 1884 Troj
1397 1852 1476 1874 anos
1513 1841 1686 1884 fugientes
1721 1839 1818 1874 dici,

978 1885 1107 1918 sentias
1132 1886 1198 1919 nisi
1222 1886 1311 1919 lecto
1337 1898 1439 1920 versu
1459 1888 1492 1922 3.
1516 1888 1589 1931 ejus
1614 1885 1705 1926 libri,
1734 1897 1790 1918 re-

978 1932 1214 1976 currendoque
1246 1933 1289 1965 ad
1322 1932 1434 1977 ipsum
1467 1933 1558 1966 illum
1583 1933 1686 1973 4943
1722 1935 1816 1976 quo'

978 1976 1104 2009 indicio
1130 1979 1184 2010 vel
1210 1979 1352 2012 maxime
1379 1980 1498 2012 malam
1522 1979 1621 2012 fidem
1646 1979 1789 2012 istorum
1813 1993 1816 2007 τ

980 2033 1136 2056 versuum
1159 2034 1338 2066 agnoscas.
1377 2036 1481 2068 quare
1500 2025 1633 2058 uncinis
1659 2035 1716 2057 eos
1734 2024 1789 2056 in-

978 2067 1164 2102 cludendos
1189 2081 1265 2103 esse
1298 2070 1507 2112 existimavi,
1539 2070 1699 2125 proprios
1724 2081 1788 2103 au-

978 2119 1045 2147 tem
1071 2115 1169 2158 hujus
1194 2115 1257 2148 loci
1283 2127 1401 2149 versus
1425 2116 1631 2152 495—497
1655 2117 1690 2150 in
1715 2116 1787 2149 fra-

978 2166 1115 2203 gmenta
1142 2162 1250 2195 nostri
1275 2163 1457 2195 retulerim.
1484 2182 1530 2187 —
1566 2163 1668 2196 Sch.:
1694 2174 1811 2205 tot-¹

977 2204 1184 2248 βέμηεναι
1227 2206 1316 2250 (ψ’,
1348 2208 1457 2251 735)
1495 2207 1623 2255 αλοᾷν.
1673 2209 1790 2267 (κρῖ

975 2251 1153 2286 λευκόν.
1176 2252 1214 2293 ε’,
1241 2256 1314 2296 196,
1334 2252 1385 2295 θ’,
1403 2256 1549 2289 560etc.
1570 2253 1785 2295 -,,ἐϋκτ.

975 2296 1021 2333 ἐν
1047 2298 1191 2342 ἀλωῇ,
1218 2299 1251 2333 in
1277 2312 1356 2334 area
1380 2302 1465 2334 bene
1485 2306 1673 2341 exstructa,
1699 2302 1731 2336 h.
1753 2315 1784 2335 e.

975 2350 1077 2376 vento
1097 2345 1253 2389 exposita
1271 2346 1313 2378 ad
1329 2346 1463 2379 facilius
1482 2348 1692 2381 ventilandas
1710 2348 1784 2381 fru-

975 2401 1047 2433 ges.
1085 2390 1128 2422 cf.
1163 2390 1221 2433 φ’,
1251 2394 1307 2427 17
1321 2395 1344 2410 ‘⁶
1375 2393 1426 2424 Ex
1451 2393 1493 2426 11,
1532 2413 1570 2417 -
1615 2393 1805 2437 gillotium,

975 2435 1024 2477 ζ,
1046 2437 1112 2470 511
1135 2444 1201 2472 etc.
1224 2458 1263 2463 -
1300 2435 1421 2472 λέπτ’
1445 2437 1679 2482 ἐγένοντο.
1713 2437 1786 2474 ἐλε-

976 2480 1180 2523 πτύνοντο,
1215 2486 1395 2518 comminui
1419 2486 1570 2539 solent)
1620 2485 1784 2529 ἐριμύ-

978 2541 1081 2563 κων.
1107 2527 1189 2572 (ψ,
1214 2531 1314 2574 775)
1337 2529 1501 2576 μεγάλως
1522 2532 1759 2577 μυκωμένων.

1823 1388 1828 1406 l

1822 1441 1832 1477 9.

1822 1473 1826 1502 Ι

1820 1538 1824 1560 l
