1847 3277
731 103 1129 144 OMHPOT

266 213 400 263 αἰνῶς
427 210 529 283 γάρ
543 209 591 270 μ’
623 211 760 256 αὐτόν
783 228 830 284 γε
859 212 991 269 μένος
1019 213 1093 256 καὶ
1122 213 1267 268 θυμὸς
1297 214 1457 271 α’νιόγει

265 268 372 311 κεῐσ’
403 270 515 312 ἰεναι
546 268 614 312 ἐπὶ
641 272 748 325 νῆας
781 269 864 311 ε’σω
894 269 1081 321 στρατὸν
1110 269 1245 325 εὐρυν
1271 270 1495 327 Ἀχαιῶν.“

450 349 555 393 ejulat
579 358 683 390 anus,
708 354 744 382 et
766 359 840 382 eum
863 347 1015 382 retinere
1039 349 1166 386 studet.

149 420 231 458 200

333 414 392 458 Ὢ
420 415 560 485 φάτο·
588 416 787 460 κώκυσεν
817 416 864 459 δὲ
889 417 1025 471 γυνή,
1055 418 1130 460 καὶ
1162 415 1362 478 α’μεῖβετο
1391 417 1546 476 μύθῳ·

261 503 287 544 '‚'
277 489 325 519 ,ω
355 489 453 526 μοι,
484 477 544 543 πῆ
575 471 628 528 δή
655 488 723 516 τοι
753 473 910 526 φρένες
941 473 1129 545 οἴχονθ’,
1154 478 1224 546 ᾑς
1251 475 1445 543 τοπᾶρος
1474 492 1554 531 περ

263 527 374 571 ἔκλε’
405 527 472 572 ἐπ’
505 528 776 580 ἀνθρώπους
805 530 994 579 ξείνους,
1022 528 1096 585 ἧδ’
1129 527 1244 575 οἷσιν
1273 529 1498 582 ἀνάσσεις,

261 602 354 636 πως
383 585 544 636 ἐθέλεις
574 585 643 627 ἐπὶ
672 589 780 653 νῆας
806 583 985 640 Ἀχαιῶν
1014 586 1193 656 ἐλθέμεν
1222 592 1328 638 οἰος,

264 640 428 696 ἀνδρὸς
457 641 501 692 ἐς
531 640 817 696 ὀφθαλμούς,
850 642 898 693 ὃς
929 658 996 685 τοι
1026 644 1187 701 πολέας
1215 660 1260 686 τε
1288 644 1362 686 καὶ
1386 644 1573 696 ἐσθλους

150 701 232 743 205
263 698 383 748 υἱέας
409 697 652 750 ἐξενάριξε]
690 698 912 753 σιδηρειόν
941 697 998 741 νύ
1027 716 1096 741 τοι
1125 702 1246 756 ἠτορ.

216 757 302 797 εἰ
330 754 414 810 γάρ
447 753 492 797 σ’
524 754 690 808 αἵρησει
720 756 792 797 καὶ
827 755 1028 806 ἐσόψεται
1057 754 1362 811 ὀφθαλμοῖσιν

266 811 464 881 ωμηστὴς
493 812 566 853 καὶ
597 810 778 862 α’πιστος
807 809 942 866 ἀνὴρ,
973 811 997 856 ὁ
1028 812 1074 855 δὲ
1104 813 1159 855 οὔ
1189 814 1230 855 σ’
1262 813 1434 868 ἐλεήσει,

268 866 372 911 οὖὸέ
401 869 442 910 τί
472 866 515 910 σ’
547 869 639 911 αἰδὲ
626 879 772 910 σεται.

831 868 918 911 ν’ῦν
948 869 994 912 δὲ
1021 871 1241 924 κλαίωμεν
1268 869 1458 912 ἄνευθεν

264 923 418 979 ’ἥμενοι
447 923 493 966 ἓν
519 927 720 995 μεγάρῳ·
752 928 812 979 τῷ
842 923 884 969 6'
906 924 978 996 ι“ω’ς
1005 930 1129 968 ποθι
1143 931 1298 997 Μοῖρα
1311 925 1513 998 κραταιή

155 988 236 1028 210
264 981 503 1051 γεινομένῳ
532 981 734 1051 ἐπένησε
741 983 870 1039 λίνῳ,
904 981 974 1025 ὅτε
1003 999 1079 1037 μιν
1108 984 1237 1026 τέκον
1268 982 1392 1039 αὐτη,

269 1026 511 1091 αργίποδας
541 1036 678 1088 κύνας
709 1043 832 1089 ἀσαι,
862 1038 947 1081 ἑῶν
974 1039 1199 1083 ἀπάνευθε
1221 1040 1411 1097 τοκήων,

267 1094 439 1147 οἷνόρὶ.
425 1095 546 1150 πάρα
575 1099 796 1150 κρατερῷ,
825 1099 906 1137 τοῦ
924 1095 1017 1166 ἐγώ
1048 1097 1182 1167 μέσον
1211 1098 1329 1153 ἡπαρ
1358 1097 1499 1152 ε’χοιμι

268 1151 498 1208 ἐσθέμεναι
526 1155 791 1207 προσοῦσα]
839 1151 933 1194 τότ’

99 1276 162 1309 11οσ
200 1286 269 1309 esse
305 1275 469 1309 videtur?
515 1275 598 1319 quid
629 1276 738 1309 sentis
772 1277 815 1310 de
846 1277 910 1311 hoc

99 1322 254 1357 eventu?
291 1322 374 1366 quid
396 1321 586 1355 faciendum
612 1323 740 1366 putas?

150 1391 270 1425 193-
281 1392 360 1426 200.
410 1391 514 1423 Sch.:
549 1389 714 1429 αἰνῶς.
750 1389 818 1439 (α’,
841 1391 910 1426 555

101 1432 187 1480 etc]
213 1438 308 1477 λίαν,
333 1435 444 1470 πάνυ.
470 1455 513 1460 —
547 1436 695 1479 μένος
727 1437 806 1471 καὶ
831 1439 911 1471 θυ-

98 1481 165 1527 μο’
178 1496 206 1523 ς.
242 1482 446 1526 heudiadys,
463 1481 570 1525 μένος
591 1481 803 1525 πρόθιμον,
820 1497 912 1526 προ-

98 1531 234 1572 θυμία.
259 1548 303 1553 --
329 1528 554 1567 κώκυσεν,
579 1530 733 1572 ejulavit.
782 1528 825 1572 6',
853 1531 912 1572 37,

99 1573 220 1621 2¹,407
246 1579 313 1608 etc.

145 1645 269 1680 201-
278 1643 356 1678 206.
404 1642 469 1688 πῆ
522 1640 578 1686 δή
622 1657 694 1679 τοι
743 1644 914 1690 φρένες

101 1691 172 1735 οἴχ
185 1702 352 1731 ονται,·
377 1701 440 1733 quo
454 1690 595 1723 tandem
616 1693 678 1725 tibi
699 1703 794 1725 mens
812 1692 913 1726 abit?

100 1739 153 1772 sic
184 1734 223 1778 ε’,
248 1736 347 1771 472.;
376 1735 532 1794 Έκτορ,
562 1738 614 1779 πῆ
650 1737 696 1782 δή
722 1752 778 1774 τοι
803 1739 913 1781 μένος

101 1784 260 1827 οἴχεται,
292 1779 312 1818 6
342 1782 430 1826 πρὶν
466 1781 625 1826 ἓχεσκες;
659 1790 693 1817 et
728 1797 750 1820 ν
774 1810 783 1824 ,
815 1787 915 1820 219st

100 1829 296 1875 Ἰδομενεῦ,
319 1849 359 1854 -
385 1829 460 1863 ποῦ
481 1842 539 1864 τοι
559 1829 705 1865 ἀπειλαὶ
728 1832 917 1874 Οἴχονται,

101 1877 162 1911 ubi
185 1888 219 1911 v.
245 1887 320 1909 ann.
365 1875 488 1920 „Virg.
522 1876 562 1909 A.
588 1877 621 1918 5,
648 1877 749 1911 465.ε
782 1879 916 1921 infelix,

101 1935 192 1968 quae
227 1927 331 1956 tanta
366 1922 518 1955 animum
556 1923 730 1956 dementia
764 1924 915 1968 οεῬίιΡιι

102 1970 157 2003 cl.
183 1969 307 2002 Eichh.
324 1968 519 2023 adscripsit
535 1970 617 2002 Aen
641 1971 675 2010 2,
699 1969 914 2006 519—524.

102 2015 276 2049 -Sch..
312 2012 458 2049 ἔπλεο.
502 2015 650 2058 (Odyss.
677 2029 727 2057 v,
762 2018 842 2052 299.
867 2017 912 2050 cf.

103 2061 189 2095 ibid.
223 2058 278 2105 ρ’,
309 2061 407 2105 418.)
441 2060 602 2103 ἐνδόξως
633 2059 828 2107 ἐφημίζου.
863 2064 914 2106 (v.

103 2106 563 2148 801111.ν.κλε’ω,ΜοῐιΙ(.
602 2119 678 2141 ann.
713 2110 757 2143 ad
792 2110 916 2153 Eurip-

105 2154 234 2188 Alcest.
259 2153 339 2189 459.
388 2152 488 2188 ἕκλεο
513 2164 576 2197 pro
603 2152 732 2199 ἐκλέεο,
756 2167 817 2201 per
834 2166 916 2213 syn-

104 2210 226 2244 copen.
251 2218 294 2223 —
328 2196 395 2234 ἐπ’
431 2197 738 2245 ἀνθρώπους,
782 2213 845 2246 pro
878 2199 919 2236 ἐν

104 2256 166 2280 seu
188 2241 283 2288 παρ’
316 2244 553 2290 ἀνθρώποις,
588 2258 644 2290 ap.
672 2248 844 2289 homines,
881 2252 918 2281 ut

105 2290 237 2347 Odyss.
261 2288 308 2332 α’,
328 2293 429 2327 298.τ
455 2291 536 2328 οἷον
560 2293 663 2333 κλέος
684 2293 812 2347 ἔλλαβε
836 2295 917 2333 δῖος

101 2336 276 2382 Ὀρέστης
298 2315 451 2378 Πάντας
475 2336 535 2375 ἐπ’
561 2337 800 2382 ἀνθρώπους,
800 2352 918 2397 quae

103 2385 231 2418 Kraus.
257 2383 370 2417 adseri
376 2384 474 2429 psit.)
508 2385 764 2430 σιδήρειον
790 2382 918 2444 ἦτορ.

104 2431 218 2474 (521.,
244 2429 304 2464 11ῦί
330 2430 416 2464 haec
438 2430 561 2466 iterum
581 2433 764 2490 leguntur.
807 2434 852 2467 cf.
874 2433 917 2477 χ’,

105 2476 174 2512 357
197 2476 284 2520 etc.)
322 2473 465 2531 ἰσχυρὰ
490 2476 604 2532 ψυχὴ,
642 2479 679 2522 ἐξ
698 2475 747 2519 οὗ
773 2476 919 2534 α’πηνής

105 2523 170 2558 καὶ
193 2520 342 2567 σκληρα.
365 2541 411 2548 -
445 2522 641 2568 αἱρήσει
671 2526 751 2561 καὶ
783 2523 916 2570 ἐσόψ-

106 2568 239 2613 ὀφθ.,
272 2570 387 2625 capiet
413 2575 447 2603 et
480 2571 585 2603 oculis
595 2572 786 2625 adspiciet
811 2583 918 2628 agno-

107 2618 263 2670 scetque.
294 2606 346 2658 φ,
379 2616 480 2652 555.=
518 2614 662 2660 αἱρήσει
686 2631 740 2672 ‘ue
763 2618 825 2653 καὶ
857 2614 921 2659 ω’ς,

106 2674 141 2695 κ.
166 2657 348 2696 ἀνάλκιδα
373 2662 637 2707 δειροτομήσει.
684 2663 735 2698 ita
759 2664 844 2698 haec
864 2669 921 2699 ut-

109 2718 242 2752 cunque
266 2707 432 2752 explices.
471 2708 592 2753 quodsi
617 2708 693 2753 quis
717 2715 829 2744 tamen
855 2723 891 2744 es
877 2715 920 2753 t,

110 2764 209 2808 quem
250 2753 403 2788 ossendat
442 2754 787 2814 hysteronproteron‚
830 2736 922 2801 quod

108 2799 202 2833 inest
234 2798 269 2832 in
312 2799 427 2833 verbis
460 2811 480 2835 6
533 2801 677 2846 αἱρησει
717 2801 778 2836 καὶ
816 2800 923 2846 ἐσὸψ.

113 2843 223 2889 aqva,
261 2844 292 2879 ei
319 2851 438 2879 auctor
460 2858 532 2881 sum
559 2852 599 2881 ut
623 2854 729 2891 ponat
753 2847 924 2892 ἀθρήσει,

113 2890 319 2948 tautologia
327 2891 530 2948 emphatica,
555 2899 592 2927 ut
610 2893 738 2951 Odyss.
763 2893 806 2938 τ’,
825 2896 924 2930 478.=

115 2936 139 2983 ἡ
168 2936 206 2972 δ’
235 2935 319 2972 οὔτ’
345 2936 515 2982 α’θρῆσαι
537 2937 669 2975 &vvat’
695 2920 814 2984 οἷν-τίη,
838 2954 924 2977 ουτε

119 2985 266 3028 νοῆσαι.
318 2984 362 3018 cl'.
407 2985 551 3038 inferius
589 2986 668 3022 337.
722 2986 825 3021 facile
860 2999 923 3032 pro

964 1152 1118 1196 &vura
1148 1169 1252 1210 δῼγα
1281 1155 1452 1209 γένθιῖο

957 1274 1119 1329 ἀθρήσει
1147 1277 1312 1320 scriptum
1337 1287 1408 1329 per
1425 1275 1664 1310 oscitationem
1687 1276 1766 1310 fue-

955 1323 1003 1355 rit
1029 1320 1188 1368 οζτρήσει,
1217 1321 1296 1355 dein
1322 1320 1476 1365 αἱρήσει.

1011 1371 1090 1404 207.
1140 1379 1317 1413 perperam
1350 1368 1449 1401 libri.
1489 1387 1534 1392 —
1558 1365 1653 1412 ἀνὴρ
1690 1365 1767 1408 ὅδε,

959 1412 1004 1448 οὔ
1043 1412 1076 1449 6'
1110 1413 1158 1449 ε’λ.
1194 1426 1357 1458 nusquam
1393 1411 1458 1448 ὅδε
1481 1422 1669 1458 usurpatur
1702 1415 1768 1449 nisi

957 1461 992 1493 in
1018 1461 1172 1506 personis
1193 1473 1232 1494 ac
1255 1462 1357 1494 rebus
1383 1462 1622 1505 praesentibus
1647 1465 1684 1494 et
1711 1461 1766 1501 iis,

958 1519 1049 1551 quae
1083 1513 1163 1541 sunt
1195 1507 1229 1540 in
1253 1511 1451 1552 conspectu.
1500 1507 1566 1541 hoc
1589 1507 1770 1541 intellexe-

957 1559 1037 1586 runt
1061 1553 1133 1592 illi,
1166 1554 1223 1598 qui
1256 1553 1469 1598 scripserunt
1492 1565 1574 1597 ογε,
1608 1553 1704 1586 velut
1726 1554 1769 1586 li-

957 1600 1067 1632 brarii
1101 1578 1258 1640 B⁹arocc.‚
1292 1599 1442 1640 Townl„
1477 1599 1573 1633 Vrat.
1609 1601 1640 1632 A
1673 1604 1709 1632 et
1733 1599 1769 1640 d,

958 1650 994 1678 et
1020 1645 1128 1679 Mose.
1152 1647 1199 1684 2.,
1226 1650 1261 1679 et
1284 1645 1361 1679 edd.
1382 1650 1467 1680 vett.
1496 1650 1638 1690 praeter
1660 1645 1771 1686 Rom„

958 1703 1060 1734 quam
1086 1692 1119 1725 Τ
1144 1699 1281 1725 secutus
1309 1691 1419 1724 edidit
1441 1688 1517 1726 ὅδε.
1567 1688 1587 1726 ὅ
1613 1690 1680 1734 δὲ,
1711 1693 1770 1725 ille

960 1749 1053 1770 vero.
1101 1749 1164 1772 nec
1188 1738 1274 1771 male
1290 1737 1477 1791 scripseris
1507 1734 1528 1772 6
1574 1737 1643 1782 δὴ,
1678 1749 1769 1782 quae

963 1783 1105 1817 voculae
1139 1783 1300 1817 confundi
1334 1785 1457 1818 solent.
1506 1784 1675 1826 Boisson„
1709 1795 1772 1817 au-

963 1835 1059 1862 ctore
1081 1829 1301 1864 Lambertio:
1335 1849 1373 1854 -—
1408 1826 1522 1874 ἀνὴρ,
1562 1827 1625 1874 ὅγε
1652 1826 1698 1866 οὔ
1731 1826 1771 1865 6’

963 1874 1011 1910 ἐλ.
1037 1877 1080 1909 cf.
1105 1878 1184 1911 398.
1219 1896 1265 1901 ——
1296 1874 1521 1921 ω’μηστής.
1556 1878 1611 1912 82.

1008 1923 1089 1964 208,
1123 1925 1201 1958 209.
1251 1922 1526 1965 αἰδέσεται,
1560 1922 1773 1957 reverebitur

962 1968 1163 2025 supplicem.
1209 1970 1268 2016 τῷ
1294 1967 1365 2010 δε,
1406 1970 1459 2003 illi
1481 1981 1580 2011 vero,
1614 1968 1772 2003 Hectori.

960 2033 1005 2038 —-
1026 2011 1103 2056 ὥς,
1128 2015 1187 2049 sic.
1203 2035 1243 2040 -—·
1262 2018 1368 2052 Mo
1352 2028 1432 2061 ιρα
1450 2013 1670 2061 κραταιή.
1697 2016 1774 2051 132.

1006 2063 1087 2097 210.
1135 2060 1181 2101 ν’,
1210 2063 1286 2096 128.

1008 2086 1237 2143 211—2'16.
1305 2105 1593 2166 ἀργίποδας.
1672 2107 1773 2142 Sch..

961 2152 1189 2211 ταχύποδας.
1237 2165 1272 2187 V.
1297 2153 1345 2197 α’,
1377 2156 1443 2197 50,
1474 2153 1518 2195 σ’,
1542 2155 1612 2189 283
1636 2158 1704 2187 etc.
1727 2172 1774 2178 —

965 2212 1090 2235 ασαι.
1128 2199 1167 2240 ε’,
1200 2201 1269 2235 289
1302 2207 1368 2235 etc.
1393 2219 1440 2226 --
1471 2201 1774 2243 τοῦ-προσ-

964 2248 1108 2291 φῦσα.
1149 2247 1291 2280 immane
1314 2253 1441 2288 votum,
1465 2247 1568 2293 quale
1592 2251 1646 2280 est
1657 2246 1776 2280 Achil-

964 2294 1005 2327 lis
1037 2292 1081 2337 χ’,
1116 2294 1207 2333 346,
1235 2293 1292 2326 ubi
1327 2305 1361 2327 v.
1386 2304 1464 2326 ann.
1512 2293 1776 2338 προσφῦσα

963 2341 1071 2383 majus
1108 2339 1268 2383 quiddam
1313 2344 1366 2374 est
1396 2351 1518 2384 quam,
1562 2340 1655 2385 quod
1690 2338 1776 2373 dicit

964 2386 1059 2426 Sch„
1094 2386 1376 2429 προσελθοῦσα,
1411 2386 1487 2420 scil.
1522 2386 1706 2419 inhaerens
1738 2385 1776 2418 in

964 2443 1109 2476 corpore
1141 2431 1294 2466 Achillis.
1339 2430 1598 2474 ,,ἐνδακοΰσα.
1639 2434 1775 2476 spectat

964 2477 1007 2511 ad
1043 2479 1076 2511 h.
1110 2490 1145 2510 v,
1180 2478 1333 2521 Hesych.
1386 2479 1431 2512 cf.
1459 2478 1586 2522 Odyss.
1611 2479 1660 2522 μ’,
1693 2477 1775 2518 433,

963 2523 1076 2568 Apoll.
1102 2523 1215 2558 Rhod.
1252 2528 1282 2566 1,
1317 2525 1454 2560 1200ss
1499 2525 1554 2558 Ex
1581 2525 1627 2558 H.
1675 2522 1773 2567 Virg.

964 2571 1005 2605 A.
1029 2570 1063 2611 4,
1087 2571 1186 2606 600.:
1219 2581 1286 2602 non
1308 2571 1407 2614 potui
1430 2571 1610 2615 abreptum
1634 2570 1776 2603 divelle-

963 2627 1002 2649 re
1026 2627 1167 2659 corpus,
1201 2620 1234 2650 et
1259 2617 1360 2650 undis
1382 2616 1590 2661 Spargere?
1628 2627 1696 2649 uon
1719 2626 1776 2649 εο-

965 2663 1057 2705 cios,
1092 2674 1159 2695 non
1192 2664 1303 2705 ipsum
1337 2663 1516 2696 absumere
1539 2665 1638 2706 serro
1668 2663 1776 2696 Asca-

965 2709 1082 2750 nium,
1124 2709 1314 2753 patriisque
1354 2709 1562 2751 epulandum
1604 2718 1776 2753 apponere

968 2754 1123 2788 mensis?
1146 2754 1267 2788 Eichh.
1292 2774 1337 2780 —
1361 2753 1536 2790 ἄντιτα
1561 2753 1607 2813 ἕρ
1587 2768 1682 2801 ρ.γοι
1714 2764 1777 2788 no-

969 2806 1006 2834 ta
1040 2800 1263 2846 periphrasis.
1311 2802 1356 2836 cf.
1390 2801 1571 2845 Od)s5.9
1630 2802 1688 2842 51,
1721 2801 1778 2835 60.

969 2847 1107 2892 ποινήν
1132 2848 1186 2880 vel
1210 2848 1305 2881 τίσιν
1330 2848 1418 2881 hanc
1442 2847 1528 2882 dicit
1551 2846 1593 2890 ξ’,
1618 2846 1698 2889 484,
1707 2859 1774 2904 χ,

972 2895 1026 2934 19,
1053 2905 1145 2948 quae
1164 2893 1238 2945 loca
1262 2893 1315 2926 Cl.
1340 2894 1486 2935 notavit,
1511 2897 1547 2928 et
1571 2894 1666 2930 alias.
1700 2906 1776 2928 αν-

969 2952 1089 2974 τιτα.
1122 2936 1287 2973 nivatam.
1331 2939 1384 2973 E:
1410 2937 1582 2975 ἄντιτα
1606 2939 1687 2975 ἀντὶ
1710 2939 1779 2975 τοῦ

969 2985 1179 3027 ἀντίποινα,
1202 2984 1487 3031 οἷντιτιμοὶρητα,
1514 2984 1693 3031 ἀντίσηκα
1710 2985 1778 3021 τοῦ
