1877 3277
145 165 229 204 252

780 165 1177 206 ΟΜΗΡΟΥ

205 272 283 315 175
314 264 458 339 ἦλθον
485 271 616 324 δεῦρο
647 272 843 327 φέρουσα
871 272 1006 324 παραὶ
1035 273 1142 321 Διὸς
1174 270 1399 326 αἰγιόχοιο.

309 324 592 381 παυσαμενόν
622 328 664 370 σ’
701 329 893 371 ἐκέλευσε
924 329 1059 382 μάχης
1089 327 1164 383 ήὸὲ
1194 331 1428 383 πτολέμοιο

309 382 510 437 ἔρχεσθαι
540 386 645 438 μετὰ
674 389 792 437 φῦλα
821 388 940 426 θεῶν
969 384 998 437 ἢ
1028 385 1086 433 εἰς
1114 385 1199 427 ἅλα
1229 387 1339 427 δῖαν.

309 441 344 480 εἰ
376 441 422 481 δέ.
454 442 498 481 οἱ
526 439 609 482 οὐκ
639 439 802 482 έπέεσσ’
832 440 1090 486 ἐπιπείσεαι,
1123 439 1217 482 ἀλλ’
1250 439 1496 497 ἀλογήσεις,

306 493 471 548 ἠπείλει
498 497 571 538 καὶ
600 501 742 546 κεῖνος
773 497 1021 550 ἐναντίβιον
1046 499 1286 550 πολεμίζων

196 557 276 595 180
306 551 460 594 ἐνθάδ’
494 552 768 594 ἐλεύσεσθαι
810 553 855 595 σὲ
888 552 931 595 6³
961 551 1280 602 ὑπεξαλέασθαι
1311 550 1467 605 ἀνώγει

304 613 471 662 χεῖρας,
501 608 590 650 επεὶ
620 609 691 650 σέο
725 611 832 664 φησὶ
862 611 934 664 βίη
966 608 1077 650 πολι
1111 610 1321 664 φέρτερος
1353 625 1507 664 ειναι,-

303 664 377 706 καὶ
405 680 530 721 γενεη
561 665 797 718 πρότερος·

838 665 918 707 σὸν
948 664 992 707 δ’
1024 665 1107 708 οὐκ
1139 665 1289 708 ὄθεται
1318 667 1450 717 φίλον
1478 666 1585 719 ἦτορ

305 717 404 762 ἶσόν
432 722 477 762 οἱ
505 721 697 776 φάσθαι,
727 721 850 764 τόντε
881 720 1111 776 στυγέουσι
1140 738 1212 765 και
1244 722 1378 764 ἄλλοι.

356 820 486 856 invitus
510 834 530 856 a
553 822 642 856 bello
667 823 818 856 abstinet
841 823 1027 867 Neptunus
1052 832 1086 857 et
1109 824 1145 857 in
1169 835 1263 857 mare
1291 823 1392 856 redit.

365 900 477 968 ’Τὴν
507 900 552 942 δὲ
582 899 676 955 μέγ’
689 901 899 970 ὀχθησας
927 901 1125 957 προσέφη
1159 901 1316 951 κλυτος
1339 899 1653 972 Ἐννοσίγαιος·

198 960 275 1001 185
306 959 380 1006 ,,ὠ
411 955 568 1007 πόποι,
600 964 625 1012 η
656 955 698 1011 ῥ’
703 990 712 1006 ,
743 958 909 1012 ἁγαθός
938 974 1017 1009 περ
1048 958 1154 1008 έων,
1184 958 1432 1010 ὑπέροπλον
1462 958 1622 1004 ἔειπεν,

306 1014 345 1054 εἴ
373 1011 422 1066 μ’
453 1012 663 1068 ὁμότιμον
693 1013 820 1056 ἐόντα
848 1018 922 1070 βιῃ
953 1014 1139 1057 αέκοντα
1168 1016 1349 1066 καθέξει.

303 1073 418 1120 τρεῖς
447 1070 528 1124 γάρ
559 1069 597 1112 τ’
629 1069 675 1112 ἐκ
706 1070 880 1124 Κρόνου
910 1072 1027 1113 εἶιιὲν
1047 1070 1282 1124 ἀδελφεοὶ,
1317 1069 1395 1120 οὓς
1423 1068 1516 1112 τέκε
1539 1066 1672 1123 Ῥείη,

307 1127 416 1175 Ζευς
446 1126 518 1168 καὶ
549 1126 650 1181 ἐγω,
680 1131 877 1181 τρίτατος
908 1127 947 1170 6'

976 1127 1137 1183 Ἀίδης,
1168 1128 1380 1181 ἐνέροισιν
1409 1125 1628 1169 ανάσσων.

306 1182 465 1236 τριχθὰ
496 1182 541 1225 δὲ
570 1183 711 1225 πάντα
741 1183 962 1235 δέδασται,
993 1184 1171 1235 ἕκαστος
1203 1184 1242 1228 6’
1274 1185 1431 1239 ε’μμορε
1460 1197 1604 1238 τιμης

183 1308 259 1342 180.
283 1303 411 1349 ὑπεξ.
447 1307 552 1341 semel
571 1319 609 1340 us
613 1319 644 1340 ιιι
639 1310 752 1370 :pavit
776 1310 840 1343 hoc
861 1321 939 1342 ver-

134 1352 234 1395 bum,
270 1354 408 1408 saepius
431 1359 542 1387 autem
572 1354 716 1409 simplex
745 1352 937 1390 ἀλέασθαι.

133 1398 235 1432 Sch..·
275 1397 508 1440 νπεκκλῖναι,
540 1404 680 1444 φυγεῖν.
723 1402 866 1442 „.Schol
892 1402 937 1434 B:

133 1443 342 1480 ἔκκλῖναικ.
361 1444 600 1490 φυλάξασθαι
639 1446 681 1479 cf.
694 1447 870 1492 Hesyf‘ch
892 1447 936 1479 H

182 1493 388 1527 181-183.
415 1492 457 1526 D
477 1491 639 1524 Montbel.
669 1504 746 1526 ann.
772 1493 814 1525 ad
844 1495 938 1528 1652

131 1537 296 1578 „Comme
329 1538 379 1571 les
410 1549 488 1571 vers
516 1539 710 1573 165—167
736 1546 814 1572 sont
837 1541 937 1582 repe-

131 1589 185 1616 tes
214 1595 257 1616 un
290 1595 356 1628 peu
390 1584 464 1628 plus
500 1584 561 1617 bas
597 1595 658 1628 par
683 1585 746 1617 Iris
780 1587 936 1627 (181-

132 1630 238 1672 183),
262 1629 457 1674 lorsqu⁷elle
479 1635 645 1663 transmet
666 1629 686 1662 ὲι
707 1631 868 1674 Neptune
885 1630 934 1663 les

131 1676 252 1708 ordres
285 1676 327 1708 de
358 1675 510 1719 Jupiter,
553 1688 595 1708 on
630 1677 678 1708 les
713 1687 735 1709 a
768 1677 934 1720 regardes

130 1733 257 1755 comme
288 1722 498 1754 faussement
529 1724 726 1766 transposes
748 1722 818 1763 ici,
853 1721 933 1755 (1ὀι“ι

128 1768 161 1801 le
193 1767 378 1801 scholiaste
412 1767 456 1800 de
482 1767 606 1801 Venise
642 1779 788 1812 propose
818 1768 861 1801 de
885 1769 935 1800 les

129 1813 334 1867 supprimet.
382 1814 410 1846 Il
433 1818 556 1846 trouve
580 1813 611 1846 d'
617 1814 753 1846 ailleurs
778 1825 822 1858 qu
825 1813 878 1846 ’ils
893 1825 935 1846 ne

129 1866 206 1894 sont
246 1859 344 1903 point
375 1858 496 1903 dignes
529 1859 573 1892 de
598 1859 698 1904 Jup.‚
738 1864 773 1892 et
803 1871 867 1904 que
892 1859 936 1892 de

129 1906 195 1939 tels
229 1905 385 1938 discours
420 1911 570 1949 peuvent
602 1905 682 1938 bien
719 1906 884 1939 convenir
916 1917 936 1938 a

129 1955 375 1996 Agamemnon,
399 1949 513 1995 quand
535 1950 561 1984 il
577 1962 725 1996 propose
745 1963 790 1984 un
805 1962 938 2004 accom-

128 1998 320 2032 modement
343 2009 427 2031 avec
452 1997 583 2031 Achille
606 1998 668 2039 (ι’.
695 1998 819 2041 160.),
853 1996 937 2030 mais

129 2055 197 2077 non
216 2043 237 2076 a
254 2055 319 2076 une
333 2043 478 2076 divinite
495 2048 592 2076 toute
609 2043 799 2087 puissante.
831 2044 935 2077 Cette

129 2090 245 2123 raison
268 2101 311 2122 ne
334 2089 432 2122 suffit
457 2100 519 2132 pas
553 2101 638 2133 pour
663 2101 830 2134 supposer
857 2089 935 2122 l'in-

130 2136 350 2180 terpolation.
406 2134 502 2168 Dans
535 2135 703 2175 Homere,
748 2135 799 2168 les
831 2135 934 2168 dieux

130 2187 168 2215 et
186 2182 235 2214 les
250 2182 352 2214 heros
370 2186 429 2214 ont
446 2192 513 2214 une
530 2187 652 2215 nature
672 2181 875 2225 analoguef⁶
888 2199 933 2205 ·—

133 2226 236 2263 ἶσόν
261 2227 318 2262 οἳ.
353 2225 390 2266 ι’,
415 2228 484 2261 392
507 2234 575 2261 etc.

178 2275 262 2314 185,
288 2276 321 2308 6.
347 2271 497 2317 ἆγαθὸ
510 2287 548 2315 ς,
573 2274 689 2314 bonus,
707 2272 842 2316 nobilis,
858 2285 931 2307 rex

129 2333 164 2354 v.
190 2319 237 2362 α’,
265 2320 341 2354 131.
367 2339 411 2343 -
436 2319 534 2354 Sch.:
560 2318 843 2363 ὑπέροπλον.
868 2317 932 2363 (ρ’,

129 2367 227 2409 170.)
252 2363 506 2410 υπερήφανον
554 2377 588 2399 v.
613 2378 691 2400 ann.
717 2367 759 2399 ad
785 2365 832 2406 α’,
852 2368 932 2401 205.

126 2432 174 2438 ——
199 2411 439 2457 ὁμότιμον
470 2412 524 2444 hic
555 2417 688 2445 tantum
721 2413 850 2455 legitur
873 2423 930 2455 ap.

126 2460 227 2493 Hom.
265 2478 311 2482 —
346 2457 575 2500 καθέξει,
615 2459 800 2497 cohibebit,
835 2458 866 2490 h.
902 2470 931 2490 e.

126 2506 288 2539 cohibere
322 2504 453 2548 cogitat
484 2515 545 2537 seu
571 2512 726 2540 conatur.
770 2508 852 2536 nota
886 2504 934 2537 si-

127 2550 304 2595 gnificatio
338 2551 528 2584 ve1·.b0rum
577 2561 610 2583 v.
637 2551 753 2583 Herm.
787 2561 863 2583 ann.
889 2550 933 2583 ad

127 2599 246 2641 viget.
276 2595 362 2638 164,
387 2597 511 2630 collato
538 2607 613 2629 ann.
641 2597 682 2629 ad
707 2597 785 2631 246

175 2644 253 2678 187.
278 2655 357 2683 ους
380 2641 481 2677 τέκε
503 2639 632 2686 Ρείη.
668 2643 719 2675 sic
744 2641 796 2675 ed.
823 2641 932 2681 Rom„

126 2701 214 2734 quae
247 2700 288 2722 ex
324 2689 464 2742 proprio
501 2688 620 2722 codice
662 2698 826 2743 expressa
867 2694 931 2727 est,

127 2748 190 2769 nec
213 2741 309 2769 caret
328 2735 547 2768 auctoritate.
596 2734 743 2768 Α1ι1.22
771 2746 837 2773 ους
855 2733 932 2768 τέκε

121 2778 222 2826 Ῥήη.
270 2793 367 2815 manu
392 2780 616 2824 scriptorum,
653 2782 711 2824 qui
737 2785 931 2836 supersunt,

128 2829 226 2862 Vrat.
260 2828 282 2861 b
316 2833 352 2861 et
383 2824 824 2869 fragm.lx10scuv.:oi›*9
855 2826 932 2860 τέκε

123 2871 224 2914 Ρέα,
257 2885 357 2917 quam
384 2873 586 2925 scripturam
605 2872 635 2905 E
661 2873 933 2906 commemoravit

128 2932 160 2964 p
194 2921 303 2960 1012,
338 2920 394 2954 35.
412 2930 423 2959 3
475 2917 604 2958 ceteri,
647 2917 681 2950 in
710 2919 831 2962 quibus
859 2918 932 2961 ipse

129 2967 237 2998 Venn
274 2961 340 3005 οὓς
370 2964 492 3000 τέκετο
519 2961 622 3004 Ρέα,
657 2964 745 2997 alter
765 2963 932 2997 vindob.

132 3023 197 3052 ους
219 3009 339 3047 τέκετο
369 3007 480 3047 ‘Palm
528 3010 644 3045 Ionum
675 3016 778 3056 atque
802 3010 932 3056 Epicn-

984 1321 1056 1343 rum
1089 1315 1167 1342 sunt
1194 1310 1324 1342 formae
1340 1307 1440 1352 Ῥ”η,
1466 1305 1576 1351 Ῥείη.
1617 1304 1657 1348 ξ’
1682 1307 1781 1341 203..
1772 1317 1782 1326 ·

985 1353 1175 1398 δεξάμενοι
1197 1354 1322 1399 Ῥειης.
1368 1355 1434 1390 cf.
1465 1353 1639 1387 indicante
1664 1352 1784 1397 spitz-

984 1414 1066 1435 nero
1092 1414 1145 1445 ap.
1171 1402 1233 1442 Κ.,
1269 1402 1307 1445 ιι)
1307 1412 1380 1433 ιιιιι.
1400 1401 1498 1433 Ηοιιι.
1522 1400 1558 1432 in
1577 1399 1689 1442 Apoll.
1712 1399 1782 1438 93„

986 1449 1070 1480 ἴοι]
1098 1449 1175 1488 43„
1210 1448 1290 1481 Cer.
1292 1414 1414 1501 242,
1450 1448 1510 1488 11,
1536 1447 1567 1478 1.
1613 1443 1783 1478 Hesiodus

984 1494 1119 1537 Theog.
1142 1495 1241 1528 625»
1273 1489 1344 1548 (οὓς
1365 1492 1464 1526 τέκεν
1491 1488 1653 1547 ἠΰκομος
1672 1488 1781 1533 Ρείη.

984 1539 1070 1572 idem
1088 1541 1133 1572 ib.
1155 1541 1252 1573 467..
1273 1536 1376 1582 Ρέην
1397 1539 1435 1573 6
1459 1536 1513 1582 ε’χε
1537 1536 1675 1576 πένθος
1693 1534 1782 1570 ἅλοι-

983 1597 1080 1619 στοι.
1130 1584 1266 1618 videtur
1287 1583 1366 1628 Ρέη
1397 1585 1488 1618 forte
1515 1592 1687 1616 exaratum
1719 1594 1781 1627 pio

976 1629 1072 1675 Ῥείη
1104 1630 1333 1664 immittendae
1360 1631 1491 1663 formae
1515 1629 1635 1664 τέκετο
1664 1640 1781 1662 ansam

979 1678 1132 1717 dedisse,
1158 1677 1236 1710 dein
1265 1677 1498 1710 emendatores
1527 1675 1682 1720 posuisse
1705 1674 1782 1707 vul-

978 1735 1063 1768 gare
1075 1720 1130 1757 ‘Pe'
1117 1737 1174 1761 ⁵,st
1208 1726 1299 1765 quod
1315 1733 1453 1766 μονοσῑ
1447 1722 1589 1767 ’λλαβον
1608 1725 1782 1764 putarunt,

979 1769 1127 1812 εμιίτεεί
1148 1769 1314 1801 inaudita.
1346 1779 1488 1813 quorum
1511 1768 1644 1812 quidem
1665 1777 1782 1799 emen-

981 1815 1135 1849 datorum
1165 1826 1285 1857 agmen
1323 1814 1417 1847 ducit
1448 1814 1524 1859 ipse
1552 1813 1783 1852 Aristarchus,

980 1865 1070 1894 teste
1091 1861 1207 1894 Schol.
1236 1862 1322 1894 Ven.
1359 1871 1435 1894 ann.
1474 1860 1518 1893 ad
1545 1858 1587 1902 ξ’,
1608 1860 1712 1898 203.;
1744 1862 1780 1890 at
1837 1871 1841 1883 ·

982 1918 1043 1940 nos
1072 1907 1256 1939 Homerum
1285 1906 1498 1950 quaerimus,
1539 1916 1603 1938 non
1630 1905 1780 1937 Aristar-

982 1954 1090 1991 chum,
1114 1952 1348 1996 rationemque
1364 1951 1592 1995 grammaticis
1615 1950 1782 1993 potiorem

983 2009 1057 2032 esse
1080 1999 1285 2042 judicamus.
1343 2003 1439 2031 recte
1464 1997 1571 2040 igitur
1599 1997 1632 2029 T
1660 2006 1783 2029 secun-

982 2045 1060 2077 dum
1095 2044 1147 2077 ed.
1172 2045 1290 2077 Rom:
1324 2040 1391 2084 οὕς
1420 2042 1498 2078 τέκε
1526 2040 1646 2087 Ῥείη,
1679 2052 1781 2085 quam

979 2090 1200 2133 scripturam,
1232 2096 1401 2123 servatam
1425 2089 1461 2122 in
1488 2088 1583 2122 libris
1610 2099 1718 2131 usque
1735 2088 1778 2120 ad

979 2135 1098 2168 Wolfii
1130 2143 1164 2169 et
1196 2135 1351 2178 Heynei,
1403 2136 1523 2168 merito
1557 2134 1709 2167 restituit
1737 2133 1777 2166 P.

979 2181 1188 2225 Knightius,
1211 2182 1241 2214 E
1260 2192 1420 2226 nusquam
1440 2187 1510 2214 tum
1532 2186 1699 2225 repertam
1720 2190 1780 2212 ex·
1837 2171 1840 2215 ἶ

978 2227 1123 2282 petivit,
1165 2233 1324 2282 tanquam
1364 2233 1470 2260 metro
1500 2226 1776 2260 convenientem.

980 2275 1015 2308 εἰ
1048 2269 1086 2308 δ’
1122 2273 1209 2313 ἴσως
1248 2270 1401 2317 εὕρηταί
1432 2285 1505 2307 που
1551 2268 1632 2313 οὓς
1671 2270 1777 2306 τέκε
1872 2279 1877 2302 ι

1874 2324 1877 2338 l

976 2317 1066 2355 Ρεί
1078 2332 1121 2362 η,
1147 2317 1307 2359 ἀπαθῶς
1329 2319 1398 2364 ἔχει
1422 2315 1442 2355 ὁ
1465 2319 1595 2362 στίχος.

1030 2367 1234 2401 188-199.
1259 2365 1505 2409 ἐνέροισιν.
1529 2363 1590 2408 (ν’,
1606 2366 1776 2409 61.)τοῖς

978 2409 1053 2447 ὐπὸ
1077 2413 1166 2456 γῆν.
1198 2415 1278 2452 τοῖς
1309 2416 1464 2454 νεκροῖς.
1505 2409 1603 2454 (α’πό
1638 2411 1706 2446 τοῦ
1741 2409 1779 2444 ἐν

980 2458 1046 2503 ε’ριγ.
1069 2461 1238 2499 κεῖσθαι,
1268 2458 1456 2493 τουτέστιν
1489 2457 1527 2493 ἐν
1551 2457 1599 2502 τῇ
1626 2458 1692 2501 γῇ,
1724 2456 1778 2490 in-

981 2506 1056 2548 quit
1089 2505 1201 2548 Etym.
1234 2505 1267 2538 ιι.
1298 2517 1329 2539 v.
1372 2506 1415 2538 cs.
1441 2516 1516 2537 ann.
1546 2506 1589 2537 ad
1617 2502 1777 2546 Aeschyl-

980 2551 1077 2584 Pers
1101 2552 1198 2593 598.)
1223 2550 1411 2595 τριχθά.
1437 2549 1500 2596 (β’,
1511 2552 1577 2585 668
1597 2550 1778 2636 ῗῐο.21τρι-
1836 2530 1840 2599 ἰ

1689 2606 1777 2628 emsa
1835 2602 1839 2637 ζ

978 2649 1066 2676 sunt.
1103 2641 1594 2687 α’,125,0(1)55.ο’.,412
1635 2641 1680 2674 de
1713 2641 1778 2674 hac
1836 2645 1840 2672 ἑ

978 2689 1158 2722 sortitione
1190 2694 1326 2733 praeter
1353 2689 1479 2721 Scholl.
1507 2699 1539 2720 v.
1554 2712 1564 2728 ,
1595 2698 1678 2730 quos
1705 2687 1780 2720 lau·
1835 2718 1838 2725 ,

978 2598 1119 2641 μερῶς,
1167 2599 1282 2642 τριχῆ.
1328 2596 1402 2639 (δέ
1416 2598 1590 2631 &aaran

978 2736 1061 2768 dant
1081 2736 1227 2779 inteupp.
1240 2761 1249 2775 ‚
1268 2734 1409 2767 Hesiod.
1423 2735 1455 2767 'I
1458 2734 1554 2777 heog.
1569 2735 1646 2773 11⁶2,
1667 2733 1779 2777 hymn.

978 2781 1014 2814 in
1034 2781 1112 2815 Cer.
1135 2783 1198 2821 86,
1223 2781 1344 2814 Gallim
1379 2780 1410 2813 h.
1430 2780 1463 2812 in
1477 2780 1595 2813 Jovem
1615 2781 1682 2820 61„
1706 2779 1776 2811 He-

977 2827 1097 2861 raclid.
1121 2828 1222 2860 Pont.
1246 2827 1397 2870 Allegor.
1415 2826 1513 2859 Hom.
1536 2837 1566 2858 c.
1586 2824 1651 2867 41,
1675 2824 1777 2869 Apol·
1835 2811 1839 2826 ἓ

977 2873 1046 2906 lod.
1072 2876 1110 2912 1,
1145 2874 1185 2913 2,
1213 2877 1229 2907 l
1253 2879 1319 2906 etc.
1374 2872 1524 2915 Sicyone
1552 2872 1676 2904 factam
1699 2881 1776 2903 esse

980 2923 1098 2952 narrat
1118 2918 1318 2951 Heraclides
1331 2943 1341 2957 ,
1374 2929 1462 2962 quae
1481 2918 1689 2950 Graecorum
1711 2915 1778 2949 fuit
1835 2946 1838 2954 Α

981 2964 1218 3008 antiquissima
1239 2965 1383 3006 civitas,
1417 2963 1494 2998 olim
1514 2963 1658 2997 Mecone
1675 2962 1777 3002 dicte,
1838 2987 1840 2993 .

980 3010 1016 3045 in
1043 3022 1110 3056 qua
1133 3016 1168 3045 et
1195 3009 1242 3044 dii
1272 3010 1508 3055 disceptarunt
1538 3020 1612 3043 cum
1636 3008 1777 3042 homini-

1859 1757 1877 1882 ,ρ-τι-εῡ
1859 1675 1877 1743 ειμι-3
1862 1624 1877 1650 ετ
1862 1575 1877 1605 νε.
1848 1489 1877 1558 περ-ἶ.

1870 2176 1877 2206 ι’,
1869 2140 1871 2153 ⁴
1865 2049 1877 2114 :yn-¹.
1862 1906 1877 2021 Ε.·“ςᾯ’“ῑῖ
