<?xml version="1.0" encoding="UTF-8"?>
<!DOCTYPE html PUBLIC "-//W3C//DTD XHTML 1.0 Transitional//EN"
    "http://www.w3.org/TR/xhtml1/DTD/xhtml1-transitional.dtd">
<html xmlns="http://www.w3.org/1999/xhtml" xml:lang="en" lang="en">
 <head>
  <title>
</title>
<meta http-equiv="Content-Type" content="text/html;charset=utf-8" />
  <meta name='ocr-system' content='tesseract 3.04.00' />
  <meta name='ocr-capabilities' content='ocr_page ocr_carea ocr_par ocr_line ocrx_word'/>
</head>
<body>
  <div class='ocr_page' id='page_1' title='image "./carmina02home/carmina02home_0336.png"; bbox 0 0 1847 3277; ppageno 0'>
   <div class='ocr_carea' id='block_1_1' title="bbox 141 141 222 179">
    <p class='ocr_par' dir='ltr' id='par_1_1' title="bbox 141 141 222 179">
     <span class='ocr_line' id='line_1_1' title="bbox 141 141 222 179; baseline 0 0"><span class='ocrx_word' id='word_1_1' title='bbox 141 141 222 179; x_wconf 79' lang='lat'><strong>120</strong></span> 
     </span>
    </p>
   </div>
   <div class='ocr_carea' id='block_1_2' title="bbox 228 246 1634 754">
    <p class='ocr_par' dir='ltr' id='par_1_2' title="bbox 387 246 1634 319">
     <span class='ocr_line' id='line_1_2' title="bbox 387 246 1634 319; baseline 0.005 -31"><span class='ocrx_word' id='word_1_2' title='bbox 387 247 497 299; x_wconf 87' lang='grc' dir='ltr'><strong>Ζεύς</strong></span> <span class='ocrx_word' id='word_1_3' title='bbox 527 248 572 292; x_wconf 80' lang='grc' dir='ltr'><strong>δὲ</strong></span> <span class='ocrx_word' id='word_1_4' title='bbox 602 246 772 302; x_wconf 77' lang='grc' dir='ltr'><em>Θέμιστ’</em></span> <span class='ocrx_word' id='word_1_5' title='bbox 802 249 995 291; x_wconf 81' lang='grc' dir='ltr'><em>ἐκέλευσε</em></span> <span class='ocrx_word' id='word_1_6' title='bbox 1024 247 1157 298; x_wconf 79' lang='grc' dir='ltr'><em>θεοὺς</em></span> <span class='ocrx_word' id='word_1_7' title='bbox 1186 247 1401 319; x_wconf 70' lang='grc' dir='ltr'><em>ἀγορήνδε</em></span> <span class='ocrx_word' id='word_1_8' title='bbox 1428 249 1634 294; x_wconf 82' lang='grc' dir='ltr'><strong><em>καλέσσαι</em></strong></span> 
     </span>
    </p>

    <p class='ocr_par' dir='ltr' id='par_1_3' title="bbox 252 303 1627 364">
     <span class='ocr_line' id='line_1_3' title="bbox 252 303 1627 364; baseline 0.003 -18"><span class='ocrx_word' id='word_1_9' title='bbox 252 306 278 346; x_wconf 87' lang='grc'>5</span> <span class='ocrx_word' id='word_1_10' title='bbox 308 303 469 354; x_wconf 82' lang='grc' dir='ltr'><em>κρατὸς</em></span> <span class='ocrx_word' id='word_1_11' title='bbox 499 303 574 348; x_wconf 82' lang='grc' dir='ltr'><em>ἀπ’</em></span> <span class='ocrx_word' id='word_1_12' title='bbox 610 304 866 357; x_wconf 79' lang='grc' dir='ltr'><em>Οὐλύμποιο</em></span> <span class='ocrx_word' id='word_1_13' title='bbox 899 304 1203 359; x_wconf 80' lang='grc' dir='ltr'><em>πολυπτύχου·</em></span> <span class='ocrx_word' id='word_1_14' title='bbox 1238 304 1264 358; x_wconf 82' lang='grc' dir='ltr'><strong><em>ἡ</em></strong></span> <span class='ocrx_word' id='word_1_15' title='bbox 1298 303 1338 346; x_wconf 81' lang='grc' dir='ltr'><strong>δ’</strong></span> <span class='ocrx_word' id='word_1_16' title='bbox 1372 303 1458 360; x_wconf 82' lang='grc' dir='ltr'><strong>ἄρα</strong></span> <span class='ocrx_word' id='word_1_17' title='bbox 1486 305 1627 364; x_wconf 82' lang='grc' dir='ltr'><strong><em>πάντη</em></strong></span> 
     </span>
    </p>

    <p class='ocr_par' dir='ltr' id='par_1_4' title="bbox 308 359 1407 427">
     <span class='ocr_line' id='line_1_4' title="bbox 308 359 1407 427; baseline 0.003 -27"><span class='ocrx_word' id='word_1_18' title='bbox 308 361 541 427; x_wconf 86' lang='grc' dir='ltr'><em>φοιτησασ’</em></span> <span class='ocrx_word' id='word_1_19' title='bbox 571 361 764 404; x_wconf 82' lang='grc' dir='ltr'><em>ἐκέλευσε</em></span> <span class='ocrx_word' id='word_1_20' title='bbox 793 359 901 410; x_wconf 75' lang='grc' dir='ltr'><em>Διὸς</em></span> <span class='ocrx_word' id='word_1_21' title='bbox 930 364 1039 412; x_wconf 86' lang='grc' dir='ltr'><em>πρὸς</em></span> <span class='ocrx_word' id='word_1_22' title='bbox 1069 363 1191 413; x_wconf 77' lang='grc' dir='ltr'><em>δῶμα</em></span> <span class='ocrx_word' id='word_1_23' title='bbox 1219 361 1407 403; x_wconf 77' lang='grc' dir='ltr'><em>νέεσθαι.</em></span> 
     </span>
    </p>

    <p class='ocr_par' dir='ltr' id='par_1_5' title="bbox 309 415 1489 483">
     <span class='ocr_line' id='line_1_5' title="bbox 309 415 1489 483; baseline 0.001 -25"><span class='ocrx_word' id='word_1_24' title='bbox 309 415 433 468; x_wconf 76' lang='grc' dir='ltr'><em>[οὔτε</em></span> <span class='ocrx_word' id='word_1_25' title='bbox 463 434 526 467; x_wconf 83' lang='grc' dir='ltr'><strong>τις</strong></span> <span class='ocrx_word' id='word_1_26' title='bbox 557 420 640 460; x_wconf 83' lang='grc' dir='ltr'><strong>οὐν</strong></span> <span class='ocrx_word' id='word_1_27' title='bbox 671 421 888 483; x_wconf 88' lang='grc' dir='ltr'><em>Ποταμων</em></span> <span class='ocrx_word' id='word_1_28' title='bbox 919 415 1054 471; x_wconf 77' lang='grc' dir='ltr'><em>ἀπέην</em></span> <span class='ocrx_word' id='word_1_29' title='bbox 1083 415 1209 471; x_wconf 84' lang='grc' dir='ltr'>νόσφ’</span> <span class='ocrx_word' id='word_1_30' title='bbox 1239 417 1489 469; x_wconf 78' lang='grc' dir='ltr'><em>Ὠκεανοῖο,</em></span> 
     </span>
    </p>

    <p class='ocr_par' dir='ltr' id='par_1_6' title="bbox 311 470 1489 529">
     <span class='ocr_line' id='line_1_6' title="bbox 311 470 1489 529; baseline 0.003 -16"><span class='ocrx_word' id='word_1_31' title='bbox 311 470 406 514; x_wconf 83' lang='grc' dir='ltr'><em>οὔτ’</em></span> <span class='ocrx_word' id='word_1_32' title='bbox 437 472 523 526; x_wconf 78' lang='grc' dir='ltr'><strong>ἄρα</strong></span> <span class='ocrx_word' id='word_1_33' title='bbox 554 471 810 527; x_wconf 78' lang='grc' dir='ltr'><em>Νυμφάων,</em></span> <span class='ocrx_word' id='word_1_34' title='bbox 842 472 927 515; x_wconf 81' lang='grc' dir='ltr'><em>αἴτ’</em></span> <span class='ocrx_word' id='word_1_35' title='bbox 958 473 1090 516; x_wconf 79' lang='grc' dir='ltr'><em>ἄλσεα</em></span> <span class='ocrx_word' id='word_1_36' title='bbox 1119 472 1230 515; x_wconf 76' lang='grc' dir='ltr'><em>καλοὶ</em></span> <span class='ocrx_word' id='word_1_37' title='bbox 1260 473 1489 529; x_wconf 79' lang='grc' dir='ltr'><em>νέμονται,</em></span> 
     </span>
    </p>

    <p class='ocr_par' dir='ltr' id='par_1_7' title="bbox 228 529 1346 640">
     <span class='ocr_line' id='line_1_7' title="bbox 308 529 1346 584; baseline 0.002 -15.002"><span class='ocrx_word' id='word_1_38' title='bbox 308 530 381 570; x_wconf 81' lang='grc' dir='ltr'><strong>καὶ</strong></span> <span class='ocrx_word' id='word_1_39' title='bbox 410 529 551 584; x_wconf 72' lang='grc' dir='ltr'><em>πηγάς</em></span> <span class='ocrx_word' id='word_1_40' title='bbox 579 533 812 582; x_wconf 78' lang='grc' dir='ltr'><em>ποταμῶν,</em></span> <span class='ocrx_word' id='word_1_41' title='bbox 845 529 917 572; x_wconf 85' lang='grc' dir='ltr'><strong>καὶ</strong></span> <span class='ocrx_word' id='word_1_42' title='bbox 945 531 1071 572; x_wconf 79' lang='grc' dir='ltr'><em>πίσεα</em></span> <span class='ocrx_word' id='word_1_43' title='bbox 1102 529 1319 582; x_wconf 82' lang='grc' dir='ltr'><em>ποιήεντα</em></span> <span class='ocrx_word' id='word_1_44' title='bbox 1331 532 1346 583; x_wconf 91' lang='grc'>]</span> 
     </span>
     <span class='ocr_line' id='line_1_8' title="bbox 228 584 1323 640; baseline 0 -13"><span class='ocrx_word' id='word_1_45' title='bbox 228 590 278 628; x_wconf 90' lang='grc'><strong>10</strong></span> <span class='ocrx_word' id='word_1_46' title='bbox 311 585 512 635; x_wconf 77' lang='grc' dir='ltr'><strong>ἐλθόντες</strong></span> <span class='ocrx_word' id='word_1_47' title='bbox 543 584 586 628; x_wconf 87' lang='grc' dir='ltr'><strong>δ’</strong></span> <span class='ocrx_word' id='word_1_48' title='bbox 620 585 662 634; x_wconf 73' lang='grc' dir='ltr'><strong>ἐς</strong></span> <span class='ocrx_word' id='word_1_49' title='bbox 692 587 815 639; x_wconf 77' lang='grc' dir='ltr'><em>δῶμα</em></span> <span class='ocrx_word' id='word_1_50' title='bbox 845 586 956 635; x_wconf 82' lang='grc' dir='ltr'><em>Διος</em></span> <span class='ocrx_word' id='word_1_51' title='bbox 984 586 1323 640; x_wconf 75' lang='grc' dir='ltr'><em>νεφεληγερέταο</em></span> 
     </span>
    </p>

    <p class='ocr_par' dir='ltr' id='par_1_8' title="bbox 309 640 1351 697">
     <span class='ocr_line' id='line_1_9' title="bbox 309 640 1351 697; baseline 0 -14"><span class='ocrx_word' id='word_1_52' title='bbox 309 642 456 696; x_wconf 80' lang='grc' dir='ltr'><em>ξεστῇς</em></span> <span class='ocrx_word' id='word_1_53' title='bbox 487 640 749 697; x_wconf 74' lang='grc' dir='ltr'><em>αἰθούσῃσιν</em></span> <span class='ocrx_word' id='word_1_54' title='bbox 779 642 1006 697; x_wconf 79' lang='grc' dir='ltr'><em>ἐφίζανον,</em></span> <span class='ocrx_word' id='word_1_55' title='bbox 1039 642 1087 692; x_wconf 78' lang='grc' dir='ltr'><strong>ἃς</strong></span> <span class='ocrx_word' id='word_1_56' title='bbox 1117 644 1195 684; x_wconf 85' lang='grc' dir='ltr'><strong>Διῒ</strong></span> <span class='ocrx_word' id='word_1_57' title='bbox 1221 642 1351 696; x_wconf 87' lang='grc' dir='ltr'><em>πατρὶ</em></span> 
     </span>
    </p>

    <p class='ocr_par' dir='ltr' id='par_1_9' title="bbox 299 697 1272 754">
     <span class='ocr_line' id='line_1_10' title="bbox 299 697 1272 754; baseline 0.001 -15"><span class='ocrx_word' id='word_1_58' title='bbox 299 697 543 752; x_wconf 78' lang='grc' dir='ltr'><em>’Ἠφαιστος</em></span> <span class='ocrx_word' id='word_1_59' title='bbox 572 700 753 754; x_wconf 83' lang='grc' dir='ltr'><em>ποίησεν</em></span> <span class='ocrx_word' id='word_1_60' title='bbox 783 700 948 754; x_wconf 81' lang='grc' dir='ltr'><em>ἰδυίῃσι</em></span> <span class='ocrx_word' id='word_1_61' title='bbox 975 700 1272 752; x_wconf 81' lang='grc' dir='ltr'><em>πραπίδεσσιν.</em></span> 
     </span>
    </p>
   </div>
   <div class='ocr_carea' id='block_1_3' title="bbox 137 819 957 3028">
    <p class='ocr_par' dir='ltr' id='par_1_10' title="bbox 137 819 957 2705">
     <span class='ocr_line' id='line_1_11' title="bbox 184 819 946 867; baseline 0.001 -11"><span class='ocrx_word' id='word_1_62' title='bbox 184 819 219 856; x_wconf 84' lang='grc'><strong>4.</strong></span> <span class='ocrx_word' id='word_1_63' title='bbox 252 822 303 855; x_wconf 91' lang='lat' dir='ltr'><strong>ita</strong></span> <span class='ocrx_word' id='word_1_64' title='bbox 334 822 485 866; x_wconf 84' lang='lat' dir='ltr'><strong>scriptor</strong></span> <span class='ocrx_word' id='word_1_65' title='bbox 508 822 601 856; x_wconf 85' lang='lat' dir='ltr'><strong>vitae</strong></span> <span class='ocrx_word' id='word_1_66' title='bbox 625 821 774 857; x_wconf 84' lang='lat' dir='ltr'>Homeri.</span> <span class='ocrx_word' id='word_1_67' title='bbox 819 823 946 867; x_wconf 80' lang='lat' dir='ltr'><strong>vulgo:</strong></span> 
     </span>
     <span class='ocr_line' id='line_1_12' title="bbox 143 866 947 913; baseline 0.001 -12"><span class='ocrx_word' id='word_1_68' title='bbox 143 866 236 906; x_wconf 85' lang='grc' dir='ltr'><em>Ζευς</em></span> <span class='ocrx_word' id='word_1_69' title='bbox 265 866 304 902; x_wconf 71' lang='grc' dir='ltr'><strong>δὲ</strong></span> <span class='ocrx_word' id='word_1_70' title='bbox 326 871 332 910; x_wconf 84' lang='grc' dir='ltr'>Ι</span> <span class='ocrx_word' id='word_1_71' title='bbox 357 867 518 910; x_wconf 82' lang='grc' dir='ltr'><em>Θέμιστα</em></span> <span class='ocrx_word' id='word_1_72' title='bbox 547 868 551 913; x_wconf 75' lang='grc' dir='ltr'>ἰ</span> <span class='ocrx_word' id='word_1_73' title='bbox 577 868 738 906; x_wconf 83' lang='grc' dir='ltr'><em>κέλευσε,</em></span> <span class='ocrx_word' id='word_1_74' title='bbox 767 868 772 912; x_wconf 87' lang='grc' dir='ltr'>Ι</span> <span class='ocrx_word' id='word_1_75' title='bbox 801 869 947 902; x_wconf 83' lang='lat' dir='ltr'><strong>numeris</strong></span> 
     </span>
     <span class='ocr_line' id='line_1_13' title="bbox 137 913 949 960; baseline 0 -13"><span class='ocrx_word' id='word_1_76' title='bbox 137 913 349 955; x_wconf 86' lang='lat' dir='ltr'><strong>invenustis‚</strong></span> <span class='ocrx_word' id='word_1_77' title='bbox 381 926 444 947; x_wconf 91' lang='lat' dir='ltr'><strong>nec</strong></span> <span class='ocrx_word' id='word_1_78' title='bbox 469 917 571 960; x_wconf 71' lang='lat' dir='ltr'><strong>poeta</strong></span> <span class='ocrx_word' id='word_1_79' title='bbox 596 914 728 958; x_wconf 81' lang='lat' dir='ltr'><strong>dignis,</strong></span> <span class='ocrx_word' id='word_1_80' title='bbox 754 915 811 959; x_wconf 89' lang='lat' dir='ltr'><strong>qui</strong></span> <span class='ocrx_word' id='word_1_81' title='bbox 836 915 949 948; x_wconf 84' lang='lat' dir='ltr'><strong>vitare</strong></span> 
     </span>
     <span class='ocr_line' id='line_1_14' title="bbox 137 959 947 1005; baseline 0.004 -14"><span class='ocrx_word' id='word_1_82' title='bbox 137 959 265 1000; x_wconf 80' lang='lat' dir='ltr'><strong>soleat,</strong></span> <span class='ocrx_word' id='word_1_83' title='bbox 300 966 459 1004; x_wconf 88' lang='lat' dir='ltr'><strong>quantum</strong></span> <span class='ocrx_word' id='word_1_84' title='bbox 483 966 618 1004; x_wconf 81' lang='lat' dir='ltr'><strong>potest,</strong></span> <span class='ocrx_word' id='word_1_85' title='bbox 653 960 773 1005; x_wconf 85' lang='lat' dir='ltr'><strong>pedem</strong></span> <span class='ocrx_word' id='word_1_86' title='bbox 802 961 947 994; x_wconf 84' lang='lat' dir='ltr'><strong>debilem</strong></span> 
     </span>
     <span class='ocr_line' id='line_1_15' title="bbox 138 1004 946 1060; baseline 0.001 -22"><span class='ocrx_word' id='word_1_87' title='bbox 138 1004 425 1060; x_wconf 77' lang='lat' dir='ltr'><strong>amphibrachum.</strong></span> <span class='ocrx_word' id='word_1_88' title='bbox 468 1007 513 1039; x_wconf 79' lang='lat' dir='ltr'><strong>cf.</strong></span> <span class='ocrx_word' id='word_1_89' title='bbox 546 1009 635 1048; x_wconf 77' lang='lat'><strong>299,</strong></span> <span class='ocrx_word' id='word_1_90' title='bbox 659 1007 728 1041; x_wconf 79' lang='lat'><strong>426</strong></span> <span class='ocrx_word' id='word_1_91' title='bbox 765 1011 799 1039; x_wconf 88' lang='lat' dir='ltr'><strong>et</strong></span> <span class='ocrx_word' id='word_1_92' title='bbox 831 1014 946 1041; x_wconf 85' lang='lat' dir='ltr'><strong>annot.</strong></span> 
     </span>
     <span class='ocr_line' id='line_1_16' title="bbox 137 1050 948 1096; baseline 0.004 -13"><span class='ocrx_word' id='word_1_93' title='bbox 137 1050 180 1084; x_wconf 85' lang='lat' dir='ltr'><strong>ad</strong></span> <span class='ocrx_word' id='word_1_94' title='bbox 198 1063 245 1094; x_wconf 97' lang='grc' dir='ltr'><strong>μ,</strong></span> <span class='ocrx_word' id='word_1_95' title='bbox 267 1051 323 1090; x_wconf 98' lang='grc'><strong>34,</strong></span> <span class='ocrx_word' id='word_1_96' title='bbox 350 1050 392 1093; x_wconf 89' lang='grc' dir='ltr'><strong>ο’,</strong></span> <span class='ocrx_word' id='word_1_97' title='bbox 413 1051 492 1086; x_wconf 84' lang='grc'><em>394.</em></span> <span class='ocrx_word' id='word_1_98' title='bbox 518 1052 620 1085; x_wconf 82' lang='lat' dir='ltr'><strong>etiam</strong></span> <span class='ocrx_word' id='word_1_99' title='bbox 646 1064 681 1087; x_wconf 82' lang='lat' dir='ltr'><strong>v,</strong></span> <span class='ocrx_word' id='word_1_100' title='bbox 699 1055 730 1087; x_wconf 93' lang='lat'><strong>6.</strong></span> <span class='ocrx_word' id='word_1_101' title='bbox 757 1052 835 1085; x_wconf 85' lang='lat' dir='ltr'><strong>dedi</strong></span> <span class='ocrx_word' id='word_1_102' title='bbox 861 1066 948 1096; x_wconf 87' lang='grc' dir='ltr'><em>φοι-</em></span> 
     </span>
     <span class='ocr_line' id='line_1_17' title="bbox 138 1094 948 1151; baseline 0.002 -21"><span class='ocrx_word' id='word_1_103' title='bbox 138 1094 264 1151; x_wconf 81' lang='grc' dir='ltr'><em>τήσασ’</em></span> <span class='ocrx_word' id='word_1_104' title='bbox 299 1096 476 1138; x_wconf 81' lang='grc' dir='ltr'><em>ἐκέλευσε,</em></span> <span class='ocrx_word' id='word_1_105' title='bbox 510 1110 583 1131; x_wconf 92' lang='lat' dir='ltr'><strong>cum</strong></span> <span class='ocrx_word' id='word_1_106' title='bbox 609 1099 673 1131; x_wconf 93' lang='lat' dir='ltr'><strong>hoc</strong></span> <span class='ocrx_word' id='word_1_107' title='bbox 697 1099 845 1131; x_wconf 68' lang='lat' dir='ltr'><strong>habeint</strong></span> <span class='ocrx_word' id='word_1_108' title='bbox 869 1099 948 1132; x_wconf 85' lang='lat' dir='ltr'><strong>libri</strong></span> 
     </span>
     <span class='ocr_line' id='line_1_18' title="bbox 140 1141 948 1188; baseline 0 -11"><span class='ocrx_word' id='word_1_109' title='bbox 140 1141 350 1186; x_wconf 84' lang='grc' dir='ltr'><em>φοιτήσασα</em></span> <span class='ocrx_word' id='word_1_110' title='bbox 385 1144 548 1184; x_wconf 79' lang='grc' dir='ltr'><em>κέλευσε,</em></span> <span class='ocrx_word' id='word_1_111' title='bbox 592 1155 659 1176; x_wconf 87' lang='grc' dir='ltr'><em>ιιοιι</em></span> <span class='ocrx_word' id='word_1_112' title='bbox 692 1155 758 1187; x_wconf 87' lang='lat' dir='ltr'><strong>quo</strong></span> <span class='ocrx_word' id='word_1_113' title='bbox 791 1145 948 1188; x_wconf 84' lang='lat' dir='ltr'><strong>singulus</strong></span> 
     </span>
     <span class='ocr_line' id='line_1_19' title="bbox 139 1189 949 1234; baseline -0.001 -11"><span class='ocrx_word' id='word_1_114' title='bbox 139 1201 192 1223; x_wconf 90' lang='lat' dir='ltr'><strong>me</strong></span> <span class='ocrx_word' id='word_1_115' title='bbox 217 1190 371 1222; x_wconf 83' lang='lat' dir='ltr'><strong>offendat</strong></span> <span class='ocrx_word' id='word_1_116' title='bbox 396 1190 678 1234; x_wconf 76' lang='lat' dir='ltr'>amphibrachus,</span> <span class='ocrx_word' id='word_1_117' title='bbox 705 1189 762 1234; x_wconf 91' lang='lat' dir='ltr'><strong>qui</strong></span> <span class='ocrx_word' id='word_1_118' title='bbox 787 1190 949 1233; x_wconf 83' lang='lat' dir='ltr'><strong>frequens</strong></span> 
     </span>
     <span class='ocr_line' id='line_1_20' title="bbox 139 1235 948 1280; baseline 0 -12"><span class='ocrx_word' id='word_1_119' title='bbox 139 1240 194 1268; x_wconf 85' lang='lat' dir='ltr'><strong>est</strong></span> <span class='ocrx_word' id='word_1_120' title='bbox 216 1235 250 1268; x_wconf 84' lang='lat' dir='ltr'><strong>in</strong></span> <span class='ocrx_word' id='word_1_121' title='bbox 275 1236 328 1269; x_wconf 88' lang='lat' dir='ltr'><strong>his</strong></span> <span class='ocrx_word' id='word_1_122' title='bbox 349 1237 574 1275; x_wconf 75' lang='lat' dir='ltr'><strong>carminibus,</strong></span> <span class='ocrx_word' id='word_1_123' title='bbox 605 1237 666 1269; x_wconf 83' lang='lat' dir='ltr'><strong>sed</strong></span> <span class='ocrx_word' id='word_1_124' title='bbox 691 1240 832 1280; x_wconf 83' lang='lat' dir='ltr'><strong>propter</strong></span> <span class='ocrx_word' id='word_1_125' title='bbox 855 1236 948 1278; x_wconf 74' lang='lat' dir='ltr'><strong>simi-</strong></span> 
     </span>
     <span class='ocr_line' id='line_1_21' title="bbox 139 1282 949 1325; baseline 0.001 -12"><span class='ocrx_word' id='word_1_126' title='bbox 139 1282 191 1314; x_wconf 84' lang='lat' dir='ltr'><strong>les</strong></span> <span class='ocrx_word' id='word_1_127' title='bbox 218 1292 375 1314; x_wconf 88' lang='lat' dir='ltr'><strong>caesuras</strong></span> <span class='ocrx_word' id='word_1_128' title='bbox 406 1283 614 1325; x_wconf 70' lang='grc' dir='ltr'><em>φοιτήσασα</em></span> <span class='ocrx_word' id='word_1_129' title='bbox 635 1283 640 1325; x_wconf 86' lang='grc'><em>1</em></span> <span class='ocrx_word' id='word_1_130' title='bbox 661 1284 813 1322; x_wconf 67' lang='grc' dir='ltr'><em>κέλευσε,</em></span> <span class='ocrx_word' id='word_1_131' title='bbox 837 1282 842 1324; x_wconf 82' lang='grc' dir='ltr'>Ι</span> <span class='ocrx_word' id='word_1_132' title='bbox 864 1293 949 1324; x_wconf 84' lang='lat' dir='ltr'><strong>quas</strong></span> 
     </span>
     <span class='ocr_line' id='line_1_22' title="bbox 140 1327 950 1371; baseline 0 -12"><span class='ocrx_word' id='word_1_133' title='bbox 140 1327 277 1360; x_wconf 86' lang='lat' dir='ltr'><strong>variare</strong></span> <span class='ocrx_word' id='word_1_134' title='bbox 302 1334 355 1360; x_wconf 81' lang='lat' dir='ltr'><strong>est.</strong></span> <span class='ocrx_word' id='word_1_135' title='bbox 385 1331 563 1371; x_wconf 62' lang='lat' dir='ltr'><strong>poetarum</strong></span> <span class='ocrx_word' id='word_1_136' title='bbox 588 1327 791 1371; x_wconf 74' lang='lat' dir='ltr'><strong>elegantium</strong></span> <span class='ocrx_word' id='word_1_137' title='bbox 845 1339 950 1369; x_wconf 75' lang='lat' dir='ltr'><strong>saepe</strong></span> 
     </span>
     <span class='ocr_line' id='line_1_23' title="bbox 142 1373 949 1418; baseline -0.001 -12"><span class='ocrx_word' id='word_1_138' title='bbox 142 1378 252 1405; x_wconf 81' lang='lat' dir='ltr'><strong>autem</strong></span> <span class='ocrx_word' id='word_1_139' title='bbox 289 1375 520 1418; x_wconf 85' lang='lat' dir='ltr'><strong>apostrophus</strong></span> <span class='ocrx_word' id='word_1_140' title='bbox 554 1374 730 1417; x_wconf 78' lang='lat' dir='ltr'><strong>neglectus</strong></span> <span class='ocrx_word' id='word_1_141' title='bbox 755 1373 819 1405; x_wconf 86' lang='lat' dir='ltr'><strong>snit</strong></span> <span class='ocrx_word' id='word_1_142' title='bbox 854 1385 873 1406; x_wconf 90' lang='lat' dir='ltr'><strong>a</strong></span> <span class='ocrx_word' id='word_1_143' title='bbox 907 1373 949 1405; x_wconf 85' lang='grc' dir='ltr'><strong>Ιί-</strong></span> 
     </span>
     <span class='ocr_line' id='line_1_24' title="bbox 141 1417 951 1462; baseline 0.002 -12"><span class='ocrx_word' id='word_1_144' title='bbox 141 1419 283 1456; x_wconf 84' lang='lat' dir='ltr'><strong>brariis</strong></span> <span class='ocrx_word' id='word_1_145' title='bbox 309 1430 375 1462; x_wconf 81' lang='lat' dir='ltr'><strong>quo</strong></span> <span class='ocrx_word' id='word_1_146' title='bbox 401 1419 493 1452; x_wconf 80' lang='lat' dir='ltr'><strong>facto</strong></span> <span class='ocrx_word' id='word_1_147' title='bbox 519 1420 625 1452; x_wconf 79' lang='lat' dir='ltr'><strong>verba</strong></span> <span class='ocrx_word' id='word_1_148' title='bbox 650 1418 859 1462; x_wconf 83' lang='grc' dir='ltr'><em>φοιτήσασα</em></span> <span class='ocrx_word' id='word_1_149' title='bbox 877 1417 951 1452; x_wconf 74' lang='grc' dir='ltr'><strong>ἐκέ-</strong></span> 
     </span>
     <span class='ocr_line' id='line_1_25' title="bbox 141 1464 950 1510; baseline -0.002 -11"><span class='ocrx_word' id='word_1_150' title='bbox 141 1468 244 1499; x_wconf 82' lang='grc' dir='ltr'><em>λευσε</em></span> <span class='ocrx_word' id='word_1_151' title='bbox 268 1465 337 1497; x_wconf 87' lang='lat' dir='ltr'><strong>cito</strong></span> <span class='ocrx_word' id='word_1_152' title='bbox 362 1471 531 1498; x_wconf 83' lang='lat' dir='ltr'>mutarunt</span> <span class='ocrx_word' id='word_1_153' title='bbox 553 1465 649 1498; x_wconf 88' lang='lat' dir='ltr'><strong>metri</strong></span> <span class='ocrx_word' id='word_1_154' title='bbox 674 1465 788 1510; x_wconf 83' lang='lat' dir='ltr'><strong>gratia</strong></span> <span class='ocrx_word' id='word_1_155' title='bbox 811 1465 845 1498; x_wconf 89' lang='lat' dir='ltr'><strong>in</strong></span> <span class='ocrx_word' id='word_1_156' title='bbox 865 1464 950 1498; x_wconf 89' lang='lat' dir='ltr'><strong>scri-</strong></span> 
     </span>
     <span class='ocr_line' id='line_1_26' title="bbox 142 1510 950 1555; baseline 0 -11"><span class='ocrx_word' id='word_1_157' title='bbox 142 1516 280 1555; x_wconf 86' lang='lat' dir='ltr'><strong>pturam</strong></span> <span class='ocrx_word' id='word_1_158' title='bbox 303 1510 489 1554; x_wconf 79' lang='lat' dir='ltr'><strong>vulgatam.</strong></span> <span class='ocrx_word' id='word_1_159' title='bbox 531 1517 678 1555; x_wconf 87' lang='lat' dir='ltr'><strong>uterque</strong></span> <span class='ocrx_word' id='word_1_160' title='bbox 702 1512 795 1544; x_wconf 85' lang='lat' dir='ltr'><strong>locus</strong></span> <span class='ocrx_word' id='word_1_161' title='bbox 820 1511 950 1551; x_wconf 90' lang='lat' dir='ltr'><strong>eodem,</strong></span> 
     </span>
     <span class='ocr_line' id='line_1_27' title="bbox 143 1556 951 1602; baseline 0 -13"><span class='ocrx_word' id='word_1_162' title='bbox 143 1568 209 1600; x_wconf 92' lang='lat' dir='ltr'><strong>quo</strong></span> <span class='ocrx_word' id='word_1_163' title='bbox 228 1556 305 1596; x_wconf 87' lang='lat' dir='ltr'><strong>hic,</strong></span> <span class='ocrx_word' id='word_1_164' title='bbox 329 1557 428 1591; x_wconf 87' lang='lat' dir='ltr'><strong>modo</strong></span> <span class='ocrx_word' id='word_1_165' title='bbox 449 1556 575 1601; x_wconf 82' lang='lat' dir='ltr'><strong>legitur</strong></span> <span class='ocrx_word' id='word_1_166' title='bbox 597 1568 650 1602; x_wconf 85' lang='lat' dir='ltr'><strong>ap.</strong></span> <span class='ocrx_word' id='word_1_167' title='bbox 671 1557 709 1590; x_wconf 92' lang='lat' dir='ltr'><strong>P.</strong></span> <span class='ocrx_word' id='word_1_168' title='bbox 729 1557 951 1600; x_wconf 78' lang='lat' dir='ltr'><strong>Knightium3</strong></span> 
     </span>
     <span class='ocr_line' id='line_1_28' title="bbox 143 1602 952 1647; baseline 0 -12"><span class='ocrx_word' id='word_1_169' title='bbox 143 1603 202 1635; x_wconf 89' lang='lat' dir='ltr'><strong>sed</strong></span> <span class='ocrx_word' id='word_1_170' title='bbox 228 1613 365 1635; x_wconf 88' lang='lat' dir='ltr'><strong>causam</strong></span> <span class='ocrx_word' id='word_1_171' title='bbox 389 1602 463 1643; x_wconf 86' lang='lat' dir='ltr'><strong>ille,</strong></span> <span class='ocrx_word' id='word_1_172' title='bbox 491 1614 551 1636; x_wconf 90' lang='lat' dir='ltr'><strong>cur</strong></span> <span class='ocrx_word' id='word_1_173' title='bbox 575 1602 625 1637; x_wconf 78' lang='lat' dir='ltr'><strong>ita</strong></span> <span class='ocrx_word' id='word_1_174' title='bbox 649 1602 838 1647; x_wconf 72' lang='lat' dir='ltr'><strong>scripserit,</strong></span> <span class='ocrx_word' id='word_1_175' title='bbox 864 1603 952 1635; x_wconf 88' lang='lat' dir='ltr'><strong>indi-</strong></span> 
     </span>
     <span class='ocr_line' id='line_1_29' title="bbox 142 1648 952 1693; baseline 0 -12"><span class='ocrx_word' id='word_1_176' title='bbox 142 1648 238 1682; x_wconf 84' lang='lat' dir='ltr'><strong>cavit</strong></span> <span class='ocrx_word' id='word_1_177' title='bbox 261 1648 395 1681; x_wconf 88' lang='lat' dir='ltr'><strong>nullam.</strong></span> <span class='ocrx_word' id='word_1_178' title='bbox 431 1653 581 1682; x_wconf 83' lang='lat' dir='ltr'><strong>ceterum</strong></span> <span class='ocrx_word' id='word_1_179' title='bbox 606 1660 706 1693; x_wconf 88' lang='lat' dir='ltr'><strong>quam</strong></span> <span class='ocrx_word' id='word_1_180' title='bbox 731 1660 792 1681; x_wconf 88' lang='lat' dir='ltr'><strong>nos</strong></span> <span class='ocrx_word' id='word_1_181' title='bbox 814 1648 952 1682; x_wconf 82' lang='lat' dir='ltr'><strong>tulimus</strong></span> 
     </span>
     <span class='ocr_line' id='line_1_30' title="bbox 142 1694 953 1740; baseline 0 -13"><span class='ocrx_word' id='word_1_182' title='bbox 142 1694 253 1738; x_wconf 77' lang='lat' dir='ltr'><strong>legem</strong></span> <span class='ocrx_word' id='word_1_183' title='bbox 277 1694 320 1727; x_wconf 91' lang='lat' dir='ltr'><strong>de</strong></span> <span class='ocrx_word' id='word_1_184' title='bbox 345 1694 599 1740; x_wconf 84' lang='lat' dir='ltr'><strong>amphibrachis</strong></span> <span class='ocrx_word' id='word_1_185' title='bbox 624 1694 843 1736; x_wconf 66' lang='lat' dir='ltr'><strong>coercendis,</strong></span> <span class='ocrx_word' id='word_1_186' title='bbox 881 1706 953 1728; x_wconf 87' lang='lat' dir='ltr'><strong>eam</strong></span> 
     </span>
     <span class='ocr_line' id='line_1_31' title="bbox 142 1740 953 1785; baseline 0 -12"><span class='ocrx_word' id='word_1_187' title='bbox 142 1752 228 1774; x_wconf 85' lang='lat' dir='ltr'><strong>cave</strong></span> <span class='ocrx_word' id='word_1_188' title='bbox 246 1740 418 1785; x_wconf 84' lang='lat' dir='ltr'><strong>pertinere</strong></span> <span class='ocrx_word' id='word_1_189' title='bbox 442 1752 581 1774; x_wconf 83' lang='lat' dir='ltr'><strong>censeas</strong></span> <span class='ocrx_word' id='word_1_190' title='bbox 600 1741 641 1773; x_wconf 89' lang='lat' dir='ltr'><strong>ad</strong></span> <span class='ocrx_word' id='word_1_191' title='bbox 664 1741 829 1785; x_wconf 81' lang='lat' dir='ltr'><strong>quaedam</strong></span> <span class='ocrx_word' id='word_1_192' title='bbox 850 1741 953 1784; x_wconf 80' lang='lat' dir='ltr'><strong>vulgo</strong></span> 
     </span>
     <span class='ocr_line' id='line_1_32' title="bbox 143 1786 955 1841; baseline 0 -22"><span class='ocrx_word' id='word_1_193' title='bbox 143 1791 179 1819; x_wconf 86' lang='lat' dir='ltr'><strong>et</strong></span> <span class='ocrx_word' id='word_1_194' title='bbox 202 1786 378 1840; x_wconf 82' lang='lat' dir='ltr'><strong>proverbii</strong></span> <span class='ocrx_word' id='word_1_195' title='bbox 406 1787 479 1820; x_wconf 93' lang='lat' dir='ltr'><strong>loco</strong></span> <span class='ocrx_word' id='word_1_196' title='bbox 514 1786 582 1820; x_wconf 90' lang='lat' dir='ltr'><strong>dici</strong></span> <span class='ocrx_word' id='word_1_197' title='bbox 609 1787 731 1827; x_wconf 90' lang='lat' dir='ltr'><strong>solita,</strong></span> <span class='ocrx_word' id='word_1_198' title='bbox 762 1787 955 1841; x_wconf 83' lang='lat' dir='ltr'><strong>cujusmodi</strong></span> 
     </span>
     <span class='ocr_line' id='line_1_33' title="bbox 143 1830 936 1876; baseline 0 -11"><span class='ocrx_word' id='word_1_199' title='bbox 143 1838 224 1865; x_wconf 84' lang='lat' dir='ltr'><strong>sunt</strong></span> <span class='ocrx_word' id='word_1_200' title='bbox 246 1830 494 1874; x_wconf 69' lang='lat' dir='ltr'><strong>illaw&#39;‚116.=</strong></span> <span class='ocrx_word' id='word_1_201' title='bbox 521 1831 639 1867; x_wconf 70' lang='grc' dir='ltr'><em>πολλοὶ</em></span> <span class='ocrx_word' id='word_1_202' title='bbox 666 1830 704 1866; x_wconf 83' lang='grc' dir='ltr'><strong>δ’</strong></span> <span class='ocrx_word' id='word_1_203' title='bbox 728 1832 732 1876; x_wconf 74' lang='grc' dir='ltr'>ἱ</span> <span class='ocrx_word' id='word_1_204' title='bbox 755 1845 907 1873; x_wconf 84' lang='grc' dir='ltr'><em>αναντα,</em></span> <span class='ocrx_word' id='word_1_205' title='bbox 930 1832 936 1876; x_wconf 73' lang='lat' dir='ltr'><strong>l</strong></span> 
     </span>
     <span class='ocr_line' id='line_1_34' title="bbox 142 1876 956 1922; baseline 0 -10"><span class='ocrx_word' id='word_1_206' title='bbox 142 1877 327 1917; x_wconf 78' lang='grc' dir='ltr'><em>κάταντα,</em></span> <span class='ocrx_word' id='word_1_207' title='bbox 367 1878 373 1921; x_wconf 84' lang='grc' dir='ltr'>Ι</span> <span class='ocrx_word' id='word_1_208' title='bbox 412 1878 583 1920; x_wconf 82' lang='grc' dir='ltr'><em>πάραντά</em></span> <span class='ocrx_word' id='word_1_209' title='bbox 617 1878 622 1922; x_wconf 74' lang='grc' dir='ltr'>Ι</span> <span class='ocrx_word' id='word_1_210' title='bbox 654 1890 719 1919; x_wconf 77' lang='grc' dir='ltr'><strong>τε,</strong></span> <span class='ocrx_word' id='word_1_211' title='bbox 748 1876 885 1921; x_wconf 83' lang='grc' dir='ltr'><em>δόχμια</em></span> <span class='ocrx_word' id='word_1_212' title='bbox 912 1877 956 1921; x_wconf 78' lang='grc' dir='ltr'><strong>τ’,</strong></span> 
     </span>
     <span class='ocr_line' id='line_1_35' title="bbox 142 1919 957 1981; baseline -0.002 -22"><span class='ocrx_word' id='word_1_213' title='bbox 142 1919 286 1967; x_wconf 77' lang='grc' dir='ltr'><em>ἦλθον,</em></span> <span class='ocrx_word' id='word_1_214' title='bbox 318 1924 362 1958; x_wconf 87' lang='lat' dir='ltr'><strong>de</strong></span> <span class='ocrx_word' id='word_1_215' title='bbox 393 1925 515 1981; x_wconf 84' lang='lat' dir='ltr'><strong>quibus</strong></span> <span class='ocrx_word' id='word_1_216' title='bbox 541 1925 598 1968; x_wconf 83' lang='lat' dir='ltr'><strong>J&#39;us</strong></span> <span class='ocrx_word' id='word_1_217' title='bbox 632 1925 718 1958; x_wconf 89' lang='lat' dir='ltr'><strong>artis</strong></span> <span class='ocrx_word' id='word_1_218' title='bbox 742 1925 867 1958; x_wconf 86' lang='lat' dir='ltr'><strong>nullum</strong></span> <span class='ocrx_word' id='word_1_219' title='bbox 892 1931 957 1958; x_wconf 89' lang='lat' dir='ltr'><strong>est.</strong></span> 
     </span>
     <span class='ocr_line' id='line_1_36' title="bbox 143 1967 953 2014; baseline -0.001 -9"><span class='ocrx_word' id='word_1_220' title='bbox 143 1990 189 1995; x_wconf 83' lang='lat'><em>-</em></span> <span class='ocrx_word' id='word_1_221' title='bbox 214 1971 316 2005; x_wconf 90' lang='lat' dir='ltr'><strong>ordo:</strong></span> <span class='ocrx_word' id='word_1_222' title='bbox 347 1971 435 2010; x_wconf 79' lang='grc' dir='ltr'><strong>Ζεύς</strong></span> <span class='ocrx_word' id='word_1_223' title='bbox 454 1969 493 2005; x_wconf 75' lang='grc' dir='ltr'><strong>δὲ</strong></span> <span class='ocrx_word' id='word_1_224' title='bbox 521 1969 681 2005; x_wconf 76' lang='grc' dir='ltr'><em>ἐκέλευσε</em></span> <span class='ocrx_word' id='word_1_225' title='bbox 701 1970 860 2014; x_wconf 79' lang='grc' dir='ltr'><em>Θέμιστα</em></span> <span class='ocrx_word' id='word_1_226' title='bbox 881 1967 953 2005; x_wconf 65' lang='lat' dir='ltr'><strong>cinci</strong></span> 
     </span>
     <span class='ocr_line' id='line_1_37' title="bbox 142 2014 954 2060; baseline -0.001 -9"><span class='ocrx_word' id='word_1_227' title='bbox 142 2014 280 2060; x_wconf 78' lang='grc' dir='ltr'><em>κρατὸς</em></span> <span class='ocrx_word' id='word_1_228' title='bbox 302 2014 388 2052; x_wconf 84' lang='grc' dir='ltr'><em>Ου’λ.</em></span> <span class='ocrx_word' id='word_1_229' title='bbox 412 2021 493 2051; x_wconf 88' lang='grc' dir='ltr'><em>πολ.</em></span> <span class='ocrx_word' id='word_1_230' title='bbox 516 2020 594 2051; x_wconf 80' lang='grc' dir='ltr'><em>καλ.</em></span> <span class='ocrx_word' id='word_1_231' title='bbox 622 2016 738 2055; x_wconf 80' lang='grc' dir='ltr'><em>θεους</em></span> <span class='ocrx_word' id='word_1_232' title='bbox 763 2015 846 2060; x_wconf 67' lang='lat'><strong>0221..-</strong></span> <span class='ocrx_word' id='word_1_233' title='bbox 879 2029 954 2050; x_wconf 90' lang='lat' dir='ltr'><strong>nam</strong></span> 
     </span>
     <span class='ocr_line' id='line_1_38' title="bbox 142 2044 954 2107; baseline -0.001 -11"><span class='ocrx_word' id='word_1_234' title='bbox 142 2064 218 2107; x_wconf 86' lang='lat' dir='ltr'><strong>ipse</strong></span> <span class='ocrx_word' id='word_1_235' title='bbox 241 2063 377 2107; x_wconf 80' lang='lat' dir='ltr'><strong>Jupiter</strong></span> <span class='ocrx_word' id='word_1_236' title='bbox 399 2063 521 2096; x_wconf 88' lang='lat' dir='ltr'><strong>sedit</strong></span> <span class='ocrx_word' id='word_1_237' title='bbox 513 2075 548 2096; x_wconf 90' lang='grc' dir='ltr'><strong>ιιι</strong></span> <span class='ocrx_word' id='word_1_238' title='bbox 572 2064 702 2096; x_wconf 85' lang='lat' dir='ltr'><strong>vertice</strong></span> <span class='ocrx_word' id='word_1_239' title='bbox 722 2044 872 2107; x_wconf 74' lang='lat' dir='ltr'><strong>Olympi,</strong></span> <span class='ocrx_word' id='word_1_240' title='bbox 897 2063 954 2096; x_wconf 89' lang='lat' dir='ltr'><strong>ubi</strong></span> 
     </span>
     <span class='ocr_line' id='line_1_39' title="bbox 145 2109 954 2152; baseline -0.001 -10"><span class='ocrx_word' id='word_1_241' title='bbox 145 2109 247 2143; x_wconf 83' lang='lat' dir='ltr'><strong>aedes</strong></span> <span class='ocrx_word' id='word_1_242' title='bbox 281 2110 356 2152; x_wconf 88' lang='lat' dir='ltr'><strong>ejus</strong></span> <span class='ocrx_word' id='word_1_243' title='bbox 381 2115 580 2142; x_wconf 78' lang='lat' dir='ltr'><strong>exstructae</strong></span> <span class='ocrx_word' id='word_1_244' title='bbox 604 2115 722 2151; x_wconf 87' lang='lat' dir='ltr'><strong>erant,</strong></span> <span class='ocrx_word' id='word_1_245' title='bbox 757 2121 823 2142; x_wconf 93' lang='lat' dir='ltr'><strong>non</strong></span> <span class='ocrx_word' id='word_1_246' title='bbox 849 2109 954 2142; x_wconf 84' lang='lat' dir='ltr'><strong>ceteri</strong></span> 
     </span>
     <span class='ocr_line' id='line_1_40' title="bbox 145 2153 955 2200; baseline 0.002 -12"><span class='ocrx_word' id='word_1_247' title='bbox 145 2155 211 2196; x_wconf 83' lang='lat' dir='ltr'><strong>dii,</strong></span> <span class='ocrx_word' id='word_1_248' title='bbox 247 2155 306 2200; x_wconf 90' lang='lat' dir='ltr'><strong>qui</strong></span> <span class='ocrx_word' id='word_1_249' title='bbox 342 2156 542 2188; x_wconf 79' lang='lat' dir='ltr'><strong>habitabant</strong></span> <span class='ocrx_word' id='word_1_250' title='bbox 566 2154 720 2197; x_wconf 76' lang='grc' dir='ltr'><em>δώματα</em></span> <span class='ocrx_word' id='word_1_251' title='bbox 743 2153 836 2188; x_wconf 80' lang='grc' dir='ltr'><em>καλοὶ</em></span> <span class='ocrx_word' id='word_1_252' title='bbox 861 2154 955 2190; x_wconf 74' lang='grc' dir='ltr'><em>κατὰ</em></span> 
     </span>
     <span class='ocr_line' id='line_1_41' title="bbox 144 2199 954 2246; baseline -0.002 -10"><span class='ocrx_word' id='word_1_253' title='bbox 144 2201 287 2244; x_wconf 83' lang='grc' dir='ltr'><em>πτύχας</em></span> <span class='ocrx_word' id='word_1_254' title='bbox 311 2199 547 2244; x_wconf 73' lang='grc' dir='ltr'><em>Οτλύμποιο,</em></span> <span class='ocrx_word' id='word_1_255' title='bbox 574 2206 610 2234; x_wconf 83' lang='lat' dir='ltr'><strong>ut</strong></span> <span class='ocrx_word' id='word_1_256' title='bbox 634 2202 684 2235; x_wconf 88' lang='lat' dir='ltr'><strong>ait</strong></span> <span class='ocrx_word' id='word_1_257' title='bbox 706 2200 756 2240; x_wconf 84' lang='grc' dir='ltr'><strong>λ’,</strong></span> <span class='ocrx_word' id='word_1_258' title='bbox 781 2202 860 2235; x_wconf 84' lang='grc'>77.·</span> <span class='ocrx_word' id='word_1_259' title='bbox 851 2225 861 2242; x_wconf 93' lang='grc'><strong>,</strong></span> <span class='ocrx_word' id='word_1_260' title='bbox 887 2213 954 2246; x_wconf 93' lang='lat' dir='ltr'><strong>quo</strong></span> 
     </span>
     <span class='ocr_line' id='line_1_42' title="bbox 145 2245 956 2301; baseline 0 -21"><span class='ocrx_word' id='word_1_261' title='bbox 145 2248 321 2292; x_wconf 86' lang='lat' dir='ltr'><strong>pertinent</strong></span> <span class='ocrx_word' id='word_1_262' title='bbox 334 2249 439 2281; x_wconf 89' lang='lat' dir='ltr'><strong>verba</strong></span> <span class='ocrx_word' id='word_1_263' title='bbox 457 2246 608 2301; x_wconf 76' lang='grc' dir='ltr'><em>πάντη</em></span> <span class='ocrx_word' id='word_1_264' title='bbox 629 2245 851 2292; x_wconf 84' lang='grc' dir='ltr'><em>φοιτήσασα,</em></span> <span class='ocrx_word' id='word_1_265' title='bbox 873 2259 956 2291; x_wconf 82' lang='lat' dir='ltr'><strong>quo-</strong></span> 
     </span>
     <span class='ocr_line' id='line_1_43' title="bbox 145 2293 955 2338; baseline -0.001 -11"><span class='ocrx_word' id='word_1_266' title='bbox 145 2305 328 2338; x_wconf 76' lang='lat' dir='ltr'><strong>quoversus</strong></span> <span class='ocrx_word' id='word_1_267' title='bbox 350 2293 546 2337; x_wconf 79' lang='lat' dir='ltr'><strong>ingrediens</strong></span> <span class='ocrx_word' id='word_1_268' title='bbox 580 2294 623 2327; x_wconf 84' lang='lat' dir='ltr'><strong>ad</strong></span> <span class='ocrx_word' id='word_1_269' title='bbox 657 2295 771 2327; x_wconf 89' lang='lat' dir='ltr'><strong>domos</strong></span> <span class='ocrx_word' id='word_1_270' title='bbox 805 2293 955 2328; x_wconf 90' lang='lat' dir='ltr'><strong>deorum.</strong></span> 
     </span>
     <span class='ocr_line' id='line_1_44' title="bbox 146 2337 953 2380; baseline 0.001 -7"><span class='ocrx_word' id='word_1_271' title='bbox 146 2340 192 2373; x_wconf 79' lang='lat' dir='ltr'><strong>cf.</strong></span> <span class='ocrx_word' id='word_1_272' title='bbox 231 2341 402 2378; x_wconf 72' lang='lat'><strong>10—12,</strong></span> <span class='ocrx_word' id='word_1_273' title='bbox 443 2338 496 2380; x_wconf 84' lang='grc' dir='ltr'><strong>α’,</strong></span> <span class='ocrx_word' id='word_1_274' title='bbox 522 2341 609 2380; x_wconf 92' lang='grc'><em>498,</em></span> <span class='ocrx_word' id='word_1_275' title='bbox 645 2338 733 2380; x_wconf 86' lang='grc'><em>499,</em></span> <span class='ocrx_word' id='word_1_276' title='bbox 764 2337 824 2379; x_wconf 76' lang='grc' dir='ltr'><strong>θ’,</strong></span> <span class='ocrx_word' id='word_1_277' title='bbox 853 2341 894 2375; x_wconf 74' lang='grc'>2.</span> <span class='ocrx_word' id='word_1_278' title='bbox 920 2341 953 2380; x_wconf 85' lang='grc'><strong>3,</strong></span> 
     </span>
     <span class='ocr_line' id='line_1_45' title="bbox 148 2365 955 2438; baseline -0.002 -19"><span class='ocrx_word' id='word_1_279' title='bbox 148 2385 178 2419; x_wconf 92' lang='lat' dir='ltr'><strong>o&#39;</strong></span> <span class='ocrx_word' id='word_1_280' title='bbox 191 2411 201 2426; x_wconf 91' lang='grc'><strong>,</strong></span> <span class='ocrx_word' id='word_1_281' title='bbox 226 2387 289 2423; x_wconf 88' lang='grc'><strong>84,</strong></span> <span class='ocrx_word' id='word_1_282' title='bbox 316 2386 369 2419; x_wconf 90' lang='grc'><em>85.</em></span> <span class='ocrx_word' id='word_1_283' title='bbox 414 2391 563 2418; x_wconf 64' lang='lat' dir='ltr'><strong>ceterum</strong></span> <span class='ocrx_word' id='word_1_284' title='bbox 598 2365 628 2418; x_wconf 76' lang='lat' dir='ltr'><strong>h</strong></span> <span class='ocrx_word' id='word_1_285' title='bbox 656 2387 675 2420; x_wconf 93' lang='lat' dir='ltr'><strong>l.</strong></span> <span class='ocrx_word' id='word_1_286' title='bbox 710 2390 829 2438; x_wconf 83' lang='lat' dir='ltr'><strong>partes</strong></span> <span class='ocrx_word' id='word_1_287' title='bbox 852 2385 955 2418; x_wconf 86' lang='lat' dir='ltr'><strong>Iridis</strong></span> 
     </span>
     <span class='ocr_line' id='line_1_46' title="bbox 145 2429 956 2474; baseline -0.001 -9"><span class='ocrx_word' id='word_1_288' title='bbox 145 2431 200 2465; x_wconf 86' lang='lat' dir='ltr'><strong>vel</strong></span> <span class='ocrx_word' id='word_1_289' title='bbox 231 2431 398 2465; x_wconf 87' lang='lat' dir='ltr'><strong>Mercurii</strong></span> <span class='ocrx_word' id='word_1_290' title='bbox 426 2431 575 2465; x_wconf 84' lang='lat' dir='ltr'><strong>sustinet</strong></span> <span class='ocrx_word' id='word_1_291' title='bbox 608 2431 769 2467; x_wconf 85' lang='lat' dir='ltr'><strong>Themis..</strong></span> <span class='ocrx_word' id='word_1_292' title='bbox 805 2429 868 2474; x_wconf 81' lang='grc' dir='ltr'><strong>ἥτ’</strong></span> <span class='ocrx_word' id='word_1_293' title='bbox 894 2431 956 2465; x_wconf 81' lang='grc' dir='ltr'><strong>αν-</strong></span> 
     </span>
     <span class='ocr_line' id='line_1_47' title="bbox 146 2474 955 2531; baseline -0.001 -19"><span class='ocrx_word' id='word_1_294' title='bbox 146 2479 246 2519; x_wconf 79' lang='grc' dir='ltr'><em>δριὸν</em></span> <span class='ocrx_word' id='word_1_295' title='bbox 281 2474 419 2531; x_wconf 61' lang='grc' dir='ltr'><em>ἀνορας</em></span> <span class='ocrx_word' id='word_1_296' title='bbox 452 2475 544 2521; x_wconf 73' lang='grc' dir='ltr'><em>ἠμὲν</em></span> <span class='ocrx_word' id='word_1_297' title='bbox 575 2476 671 2514; x_wconf 77' lang='grc' dir='ltr'><em>λύει</em></span> <span class='ocrx_word' id='word_1_298' title='bbox 712 2476 777 2521; x_wconf 62' lang='lat'><strong>⁷76}-</strong></span> <span class='ocrx_word' id='word_1_299' title='bbox 811 2479 955 2519; x_wconf 78' lang='grc' dir='ltr'><em>καθίζει</em></span> 
     </span>
     <span class='ocr_line' id='line_1_48' title="bbox 147 2520 954 2568; baseline -0.002 -10"><span class='ocrx_word' id='word_1_300' title='bbox 147 2524 293 2568; x_wconf 82' lang='lat' dir='ltr'><strong>(Odyss.</strong></span> <span class='ocrx_word' id='word_1_301' title='bbox 317 2520 370 2567; x_wconf 83' lang='grc' dir='ltr'><strong>β’,</strong></span> <span class='ocrx_word' id='word_1_302' title='bbox 395 2524 492 2567; x_wconf 89' lang='grc'><em>69.,)</em></span> <span class='ocrx_word' id='word_1_303' title='bbox 526 2528 564 2556; x_wconf 86' lang='lat' dir='ltr'><strong>ut</strong></span> <span class='ocrx_word' id='word_1_304' title='bbox 597 2523 706 2557; x_wconf 85' lang='lat' dir='ltr'><strong>omnia</strong></span> <span class='ocrx_word' id='word_1_305' title='bbox 732 2529 826 2556; x_wconf 84' lang='lat' dir='ltr'><strong>recte</strong></span> <span class='ocrx_word' id='word_1_306' title='bbox 850 2528 954 2567; x_wconf 81' lang='lat' dir='ltr'><strong>atque</strong></span> 
     </span>
     <span class='ocr_line' id='line_1_49' title="bbox 146 2566 955 2613; baseline 0 -10"><span class='ocrx_word' id='word_1_307' title='bbox 146 2571 267 2603; x_wconf 85' lang='lat' dir='ltr'><strong>ordine</strong></span> <span class='ocrx_word' id='word_1_308' title='bbox 292 2574 457 2612; x_wconf 73' lang='lat' dir='ltr'><strong>agantur,</strong></span> <span class='ocrx_word' id='word_1_309' title='bbox 484 2566 534 2609; x_wconf 76' lang='grc' dir='ltr'><strong>ὡς</strong></span> <span class='ocrx_word' id='word_1_310' title='bbox 558 2569 817 2612; x_wconf 79' lang='grc' dir='ltr'><em>νομιμωτάτης</em></span> <span class='ocrx_word' id='word_1_311' title='bbox 841 2569 955 2613; x_wconf 82' lang='grc' dir='ltr'><em>οὔσης</em></span> 
     </span>
     <span class='ocr_line' id='line_1_50' title="bbox 145 2613 954 2669; baseline 0.002 -20"><span class='ocrx_word' id='word_1_312' title='bbox 145 2617 210 2660; x_wconf 82' lang='grc' dir='ltr'><strong>τῆς</strong></span> <span class='ocrx_word' id='word_1_313' title='bbox 235 2613 392 2659; x_wconf 67' lang='grc' dir='ltr'><em>ἀγορᾶς,</em></span> <span class='ocrx_word' id='word_1_314' title='bbox 419 2615 528 2669; x_wconf 79' lang='lat' dir='ltr'><strong>inquit</strong></span> <span class='ocrx_word' id='word_1_315' title='bbox 554 2616 669 2648; x_wconf 90' lang='lat' dir='ltr'><strong>Schol.</strong></span> <span class='ocrx_word' id='word_1_316' title='bbox 696 2616 743 2655; x_wconf 81' lang='grc' dir='ltr'><strong>Β,</strong></span> <span class='ocrx_word' id='word_1_317' title='bbox 768 2629 827 2649; x_wconf 87' lang='grc' dir='ltr'><strong>και</strong></span> <span class='ocrx_word' id='word_1_318' title='bbox 854 2616 954 2656; x_wconf 80' lang='grc' dir='ltr'><em>τέλος</em></span> 
     </span>
     <span class='ocr_line' id='line_1_51' title="bbox 146 2660 880 2705; baseline -0.004 -7"><span class='ocrx_word' id='word_1_319' title='bbox 146 2661 334 2698; x_wconf 79' lang='grc' dir='ltr'><em>ἐπιθεῖναι</em></span> <span class='ocrx_word' id='word_1_320' title='bbox 357 2661 558 2704; x_wconf 78' lang='grc' dir='ltr'><em>μελλούσης</em></span> <span class='ocrx_word' id='word_1_321' title='bbox 580 2665 659 2701; x_wconf 85' lang='grc' dir='ltr'><em>τοῖς</em></span> <span class='ocrx_word' id='word_1_322' title='bbox 681 2660 880 2705; x_wconf 74' lang='grc' dir='ltr'><em>πράγμασι.</em></span> 
     </span>
    </p>

    <p class='ocr_par' dir='ltr' id='par_1_11' title="bbox 146 2707 957 3028">
     <span class='ocr_line' id='line_1_52' title="bbox 192 2707 954 2760; baseline 0 -19"><span class='ocrx_word' id='word_1_323' title='bbox 192 2710 270 2743; x_wconf 90' lang='lat'><strong>7——</strong></span> <span class='ocrx_word' id='word_1_324' title='bbox 278 2711 310 2744; x_wconf 90' lang='lat'><strong>9.</strong></span> <span class='ocrx_word' id='word_1_325' title='bbox 353 2718 485 2752; x_wconf 85' lang='lat' dir='ltr'><strong>pannus</strong></span> <span class='ocrx_word' id='word_1_326' title='bbox 510 2707 659 2744; x_wconf 77' lang='lat' dir='ltr'><strong>alienus,</strong></span> <span class='ocrx_word' id='word_1_327' title='bbox 693 2719 790 2760; x_wconf 86' lang='lat' dir='ltr'><strong>quem</strong></span> <span class='ocrx_word' id='word_1_328' title='bbox 817 2708 874 2752; x_wconf 89' lang='lat' dir='ltr'><strong>qui</strong></span> <span class='ocrx_word' id='word_1_329' title='bbox 899 2719 954 2741; x_wconf 83' lang='lat' dir='ltr'><strong>as-</strong></span> 
     </span>
     <span class='ocr_line' id='line_1_53' title="bbox 146 2753 954 2794; baseline -0.001 -6"><span class='ocrx_word' id='word_1_330' title='bbox 146 2755 237 2794; x_wconf 83' lang='lat' dir='ltr'><strong>suit,</strong></span> <span class='ocrx_word' id='word_1_331' title='bbox 271 2754 451 2788; x_wconf 78' lang='lat' dir='ltr'><strong>adventum</strong></span> <span class='ocrx_word' id='word_1_332' title='bbox 476 2753 675 2786; x_wconf 83' lang='lat' dir='ltr'><strong>Scamandri</strong></span> <span class='ocrx_word' id='word_1_333' title='bbox 701 2754 733 2786; x_wconf 87' lang='lat' dir='ltr'><strong>in</strong></span> <span class='ocrx_word' id='word_1_334' title='bbox 761 2755 954 2788; x_wconf 78' lang='lat' dir='ltr'><strong>concionem</strong></span> 
     </span>
     <span class='ocr_line' id='line_1_54' title="bbox 147 2800 956 2843; baseline -0.001 -10"><span class='ocrx_word' id='word_1_335' title='bbox 147 2802 285 2834; x_wconf 87' lang='lat' dir='ltr'><strong>deorum</strong></span> <span class='ocrx_word' id='word_1_336' title='bbox 311 2800 450 2834; x_wconf 85' lang='lat' dir='ltr'><strong>videtur</strong></span> <span class='ocrx_word' id='word_1_337' title='bbox 473 2800 614 2832; x_wconf 83' lang='lat' dir='ltr'><strong>miratus</strong></span> <span class='ocrx_word' id='word_1_338' title='bbox 640 2810 735 2839; x_wconf 82' lang='lat' dir='ltr'><strong>esse3</strong></span> <span class='ocrx_word' id='word_1_339' title='bbox 762 2811 858 2843; x_wconf 83' lang='lat' dir='ltr'><strong>quem</strong></span> <span class='ocrx_word' id='word_1_340' title='bbox 884 2801 956 2842; x_wconf 78' lang='lat' dir='ltr'><strong>ejus</strong></span> 
     </span>
     <span class='ocr_line' id='line_1_55' title="bbox 148 2846 953 2890; baseline -0.001 -11"><span class='ocrx_word' id='word_1_341' title='bbox 148 2849 328 2879; x_wconf 79' lang='lat' dir='ltr'><strong>adventurn</strong></span> <span class='ocrx_word' id='word_1_342' title='bbox 355 2853 391 2878; x_wconf 89' lang='lat' dir='ltr'><strong>ut</strong></span> <span class='ocrx_word' id='word_1_343' title='bbox 415 2846 607 2890; x_wconf 83' lang='lat' dir='ltr'><strong>explicaret</strong></span> <span class='ocrx_word' id='word_1_344' title='bbox 632 2852 668 2878; x_wconf 84' lang='lat' dir='ltr'><strong>et</strong></span> <span class='ocrx_word' id='word_1_345' title='bbox 693 2847 783 2878; x_wconf 84' lang='lat' dir='ltr'><strong>velut</strong></span> <span class='ocrx_word' id='word_1_346' title='bbox 808 2857 953 2890; x_wconf 81' lang='lat' dir='ltr'><strong>praepa-</strong></span> 
     </span>
     <span class='ocr_line' id='line_1_56' title="bbox 147 2891 957 2936; baseline 0 -12"><span class='ocrx_word' id='word_1_347' title='bbox 147 2897 262 2934; x_wconf 85' lang='lat' dir='ltr'><strong>raret,</strong></span> <span class='ocrx_word' id='word_1_348' title='bbox 307 2902 451 2936; x_wconf 77' lang='lat' dir='ltr'><strong>operoso</strong></span> <span class='ocrx_word' id='word_1_349' title='bbox 486 2891 628 2924; x_wconf 81' lang='lat' dir='ltr'><strong>Fluvios</strong></span> <span class='ocrx_word' id='word_1_350' title='bbox 669 2902 783 2923; x_wconf 81' lang='lat' dir='ltr'><strong>omnes</strong></span> <span class='ocrx_word' id='word_1_351' title='bbox 819 2898 957 2934; x_wconf 76' lang='lat' dir='ltr'><strong>praeter</strong></span> 
     </span>
     <span class='ocr_line' id='line_1_57' title="bbox 148 2935 956 2981; baseline 0.002 -14"><span class='ocrx_word' id='word_1_352' title='bbox 148 2939 340 2979; x_wconf 80' lang='lat' dir='ltr'><strong>Oceanum,</strong></span> <span class='ocrx_word' id='word_1_353' title='bbox 367 2939 526 2981; x_wconf 82' lang='lat' dir='ltr'><strong>itemque,</strong></span> <span class='ocrx_word' id='word_1_354' title='bbox 551 2937 579 2969; x_wconf 87' lang='lat' dir='ltr'><strong>si</strong></span> <span class='ocrx_word' id='word_1_355' title='bbox 604 2935 670 2969; x_wconf 85' lang='lat' dir='ltr'><strong>diis</strong></span> <span class='ocrx_word' id='word_1_356' title='bbox 690 2937 820 2980; x_wconf 65' lang='lat' dir='ltr'><strong>plicet,</strong></span> <span class='ocrx_word' id='word_1_357' title='bbox 847 2937 956 2979; x_wconf 72' lang='lat' dir='ltr'><strong>NJm-</strong></span> 
     </span>
     <span class='ocr_line' id='line_1_58' title="bbox 149 2982 955 3028; baseline -0.001 -11"><span class='ocrx_word' id='word_1_358' title='bbox 149 2985 234 3028; x_wconf 79' lang='lat' dir='ltr'><strong>phas</strong></span> <span class='ocrx_word' id='word_1_359' title='bbox 258 2984 415 3017; x_wconf 79' lang='lat' dir='ltr'><strong>Oreades</strong></span> <span class='ocrx_word' id='word_1_360' title='bbox 441 2990 476 3017; x_wconf 88' lang='lat' dir='ltr'><strong>et</strong></span> <span class='ocrx_word' id='word_1_361' title='bbox 500 2982 672 3024; x_wconf 68' lang='grc' dir='ltr'><em>Νοϊᾶᾱεε,</em></span> <span class='ocrx_word' id='word_1_362' title='bbox 697 2982 877 3016; x_wconf 85' lang='lat' dir='ltr'><strong>convocari</strong></span> <span class='ocrx_word' id='word_1_363' title='bbox 905 2983 955 3016; x_wconf 83' lang='lat' dir='ltr'><strong>se-</strong></span> 
     </span>
    </p>
   </div>
   <div class='ocr_carea' id='block_1_4' title="bbox 774 140 1174 182">
    <p class='ocr_par' dir='ltr' id='par_1_12' title="bbox 774 140 1174 182">
     <span class='ocr_line' id='line_1_59' title="bbox 774 140 1174 182; baseline -0.003 0"><span class='ocrx_word' id='word_1_364' title='bbox 774 140 1174 182; x_wconf 76' lang='grc' dir='ltr'><em>ΟΜΗΡΟΥ</em></span> 
     </span>
    </p>
   </div>
   <div class='ocr_carea' id='block_1_5' title="bbox 993 819 1847 2878">
    <p class='ocr_par' dir='ltr' id='par_1_13' title="bbox 993 819 1847 2878">
     <span class='ocr_line' id='line_1_60' title="bbox 994 819 1798 867; baseline -0.008 -10"><span class='ocrx_word' id='word_1_365' title='bbox 994 822 1064 863; x_wconf 71' lang='lat' dir='ltr'><strong>cit,</strong></span> <span class='ocrx_word' id='word_1_366' title='bbox 1089 822 1210 867; x_wconf 89' lang='lat' dir='ltr'><strong>quibus</strong></span> <span class='ocrx_word' id='word_1_367' title='bbox 1235 820 1318 855; x_wconf 88' lang='lat' dir='ltr'><strong>nihil</strong></span> <span class='ocrx_word' id='word_1_368' title='bbox 1336 821 1392 854; x_wconf 90' lang='lat' dir='ltr'><strong>hic</strong></span> <span class='ocrx_word' id='word_1_369' title='bbox 1410 819 1539 864; x_wconf 82' lang='lat' dir='ltr'><strong>negotii</strong></span> <span class='ocrx_word' id='word_1_370' title='bbox 1561 823 1626 859; x_wconf 84' lang='lat' dir='ltr'><strong>est,</strong></span> <span class='ocrx_word' id='word_1_371' title='bbox 1650 830 1712 852; x_wconf 88' lang='lat' dir='ltr'><strong>nec</strong></span> <span class='ocrx_word' id='word_1_372' title='bbox 1736 829 1798 851; x_wconf 85' lang='lat' dir='ltr'><strong>un—</strong></span> 
     </span>
     <span class='ocr_line' id='line_1_61' title="bbox 994 844 1801 913; baseline -0.007 -11"><span class='ocrx_word' id='word_1_373' title='bbox 994 880 1092 913; x_wconf 85' lang='lat' dir='ltr'><strong>quam</strong></span> <span class='ocrx_word' id='word_1_374' title='bbox 1117 869 1242 901; x_wconf 87' lang='lat' dir='ltr'><strong>adsunt</strong></span> <span class='ocrx_word' id='word_1_375' title='bbox 1265 867 1299 900; x_wconf 90' lang='lat' dir='ltr'><strong>in</strong></span> <span class='ocrx_word' id='word_1_376' title='bbox 1322 867 1543 900; x_wconf 75' lang='lat' dir='ltr'><strong>concionibus</strong></span> <span class='ocrx_word' id='word_1_377' title='bbox 1568 844 1716 897; x_wconf 48' lang='lat' dir='ltr'><strong>deinum.</strong></span> <span class='ocrx_word' id='word_1_378' title='bbox 1748 864 1801 896; x_wconf 90' lang='lat' dir='ltr'><strong>in-</strong></span> 
     </span>
     <span class='ocr_line' id='line_1_62' title="bbox 993 910 1800 956; baseline -0.007 -8"><span class='ocrx_word' id='word_1_379' title='bbox 993 914 1126 948; x_wconf 85' lang='lat' dir='ltr'><strong>tellexit</strong></span> <span class='ocrx_word' id='word_1_380' title='bbox 1146 914 1264 948; x_wconf 89' lang='lat' dir='ltr'><strong>hocH.</strong></span> <span class='ocrx_word' id='word_1_381' title='bbox 1311 913 1472 956; x_wconf 86' lang='lat' dir='ltr'><strong>lepidap</strong></span> <span class='ocrx_word' id='word_1_382' title='bbox 1477 911 1594 944; x_wconf 85' lang='lat' dir='ltr'><strong>arodia</strong></span> <span class='ocrx_word' id='word_1_383' title='bbox 1606 910 1800 943; x_wconf 85' lang='lat' dir='ltr'><strong>Mercurius</strong></span> 
     </span>
     <span class='ocr_line' id='line_1_63' title="bbox 994 957 1799 1011; baseline -0.005 -17"><span class='ocrx_word' id='word_1_384' title='bbox 994 972 1049 1004; x_wconf 91' lang='lat' dir='ltr'><strong>ap.</strong></span> <span class='ocrx_word' id='word_1_385' title='bbox 1075 960 1258 994; x_wconf 81' lang='lat' dir='ltr'><strong>Lucianum</strong></span> <span class='ocrx_word' id='word_1_386' title='bbox 1282 959 1368 992; x_wconf 86' lang='lat' dir='ltr'><strong>Jove</strong></span> <span class='ocrx_word' id='word_1_387' title='bbox 1390 958 1595 1001; x_wconf 83' lang='lat' dir='ltr'><strong>Tragoedo,</strong></span> <span class='ocrx_word' id='word_1_388' title='bbox 1618 957 1683 989; x_wconf 85' lang='lat' dir='ltr'><strong>vol.</strong></span> <span class='ocrx_word' id='word_1_389' title='bbox 1707 958 1742 990; x_wconf 87' lang='lat'><strong>3.</strong></span> <span class='ocrx_word' id='word_1_390' title='bbox 1767 967 1799 1011; x_wconf 93' lang='lat' dir='ltr'><strong>p.</strong></span> 
     </span>
     <span class='ocr_line' id='line_1_64' title="bbox 996 998 1802 1056; baseline -0.006 -16"><span class='ocrx_word' id='word_1_391' title='bbox 996 1006 1073 1040; x_wconf 76' lang='lat'><strong>143.</strong></span> <span class='ocrx_word' id='word_1_392' title='bbox 1106 1007 1158 1040; x_wconf 85' lang='lat' dir='ltr'><strong>ed.</strong></span> <span class='ocrx_word' id='word_1_393' title='bbox 1183 1004 1395 1038; x_wconf 71' lang='lat' dir='ltr'><strong>&#39;laucl1n³z.:</strong></span> <span class='ocrx_word' id='word_1_394' title='bbox 1427 1003 1518 1047; x_wconf 84' lang='grc' dir='ltr'><em>μήτε</em></span> <span class='ocrx_word' id='word_1_395' title='bbox 1551 1015 1605 1042; x_wconf 85' lang='grc' dir='ltr'><strong>τις</strong></span> <span class='ocrx_word' id='word_1_396' title='bbox 1630 998 1699 1037; x_wconf 77' lang='grc' dir='ltr'><strong>οὖν</strong></span> <span class='ocrx_word' id='word_1_397' title='bbox 1721 1001 1802 1056; x_wconf 79' lang='grc' dir='ltr'><em>θή-</em></span> 
     </span>
     <span class='ocr_line' id='line_1_65' title="bbox 993 1043 1802 1107; baseline -0.005 -22"><span class='ocrx_word' id='word_1_398' title='bbox 993 1055 1070 1085; x_wconf 82' lang='grc' dir='ltr'><em>λεια</em></span> <span class='ocrx_word' id='word_1_399' title='bbox 1084 1051 1184 1107; x_wconf 37' lang='grc' dir='ltr'><em>,θεὸς</em></span> <span class='ocrx_word' id='word_1_400' title='bbox 1208 1063 1308 1094; x_wconf 79' lang='grc' dir='ltr'><em>τογε,</em></span> <span class='ocrx_word' id='word_1_401' title='bbox 1339 1049 1430 1093; x_wconf 77' lang='grc' dir='ltr'><em>μήτε</em></span> <span class='ocrx_word' id='word_1_402' title='bbox 1451 1063 1504 1089; x_wconf 84' lang='grc' dir='ltr'><strong>τις</strong></span> <span class='ocrx_word' id='word_1_403' title='bbox 1530 1047 1667 1106; x_wconf 80' lang='grc' dir='ltr'><em>ἄρσην,</em></span> <span class='ocrx_word' id='word_1_404' title='bbox 1698 1043 1802 1092; x_wconf 77' lang='grc' dir='ltr'><em>ΙὶῙηδ’</em></span> 
     </span>
     <span class='ocr_line' id='line_1_66' title="bbox 995 1092 1801 1138; baseline -0.006 -7"><span class='ocrx_word' id='word_1_405' title='bbox 995 1097 1120 1132; x_wconf 73' lang='grc' dir='ltr'><em>αὐτῶν</em></span> <span class='ocrx_word' id='word_1_406' title='bbox 1147 1097 1332 1137; x_wconf 79' lang='grc' dir='ltr'><em>Ποταμῶν</em></span> <span class='ocrx_word' id='word_1_407' title='bbox 1355 1096 1489 1137; x_wconf 80' lang='grc' dir='ltr'><em>μενέτω</em></span> <span class='ocrx_word' id='word_1_408' title='bbox 1514 1094 1639 1138; x_wconf 87' lang='grc' dir='ltr'><em>νόσφ’,</em></span> <span class='ocrx_word' id='word_1_409' title='bbox 1674 1092 1801 1128; x_wconf 81' lang='grc' dir='ltr'><em>’.Ωκεα-</em></span> 
     </span>
     <span class='ocr_line' id='line_1_67' title="bbox 993 1139 1802 1188; baseline -0.005 -10"><span class='ocrx_word' id='word_1_410' title='bbox 993 1147 1096 1183; x_wconf 87' lang='grc' dir='ltr'><em>νοῖο,</em></span> <span class='ocrx_word' id='word_1_411' title='bbox 1120 1144 1229 1188; x_wconf 78' lang='grc' dir='ltr'><em>Μηδὲ</em></span> <span class='ocrx_word' id='word_1_412' title='bbox 1253 1155 1290 1177; x_wconf 81' lang='grc' dir='ltr'><strong>τε</strong></span> <span class='ocrx_word' id='word_1_413' title='bbox 1310 1140 1524 1185; x_wconf 74' lang='grc' dir='ltr'><em>Νυμφάων,</em></span> <span class='ocrx_word' id='word_1_414' title='bbox 1549 1141 1626 1176; x_wconf 73' lang='grc' dir='ltr'><em>ἀλλ’</em></span> <span class='ocrx_word' id='word_1_415' title='bbox 1653 1140 1688 1179; x_wconf 77' lang='grc' dir='ltr'><strong>ἐς</strong></span> <span class='ocrx_word' id='word_1_416' title='bbox 1711 1139 1802 1180; x_wconf 83' lang='grc' dir='ltr'><em>Διὸς</em></span> 
     </span>
     <span class='ocr_line' id='line_1_68' title="bbox 996 1183 1804 1231; baseline -0.009 -5"><span class='ocrx_word' id='word_1_417' title='bbox 996 1190 1120 1226; x_wconf 72' lang='grc' dir='ltr'><em>ἔλθετε</em></span> <span class='ocrx_word' id='word_1_418' title='bbox 1157 1190 1292 1228; x_wconf 70' lang='grc' dir='ltr'><em>πάντες</em></span> <span class='ocrx_word' id='word_1_419' title='bbox 1328 1189 1394 1227; x_wconf 77' lang='grc' dir='ltr'><strong>Εἰς</strong></span> <span class='ocrx_word' id='word_1_420' title='bbox 1428 1186 1587 1231; x_wconf 73' lang='grc' dir='ltr'><em>αγορι)ν,</em></span> <span class='ocrx_word' id='word_1_421' title='bbox 1629 1183 1732 1221; x_wconf 87' lang='grc' dir='ltr'><em>σ’σσοι</em></span> <span class='ocrx_word' id='word_1_422' title='bbox 1764 1197 1804 1220; x_wconf 79' lang='grc' dir='ltr'><strong>τε</strong></span> 
     </span>
     <span class='ocr_line' id='line_1_69' title="bbox 994 1229 1804 1291; baseline -0.004 -21"><span class='ocrx_word' id='word_1_423' title='bbox 994 1236 1128 1276; x_wconf 65' lang='grc' dir='ltr'><em>κλυτάς</em></span> <span class='ocrx_word' id='word_1_424' title='bbox 1160 1231 1333 1270; x_wconf 72' lang='grc' dir='ltr'><em>δαίνυσθ’</em></span> <span class='ocrx_word' id='word_1_425' title='bbox 1363 1232 1587 1291; x_wconf 69' lang='grc' dir='ltr'><em>ἑκατόμβας·</em></span> <span class='ocrx_word' id='word_1_426' title='bbox 1613 1230 1749 1267; x_wconf 58' lang='lat' dir='ltr'><strong>”Oscor</strong></span> <span class='ocrx_word' id='word_1_427' title='bbox 1773 1229 1804 1267; x_wconf 77' lang='lat' dir='ltr'><strong>‘c&#39;</strong></span> 
     </span>
     <span class='ocr_line' id='line_1_70' title="bbox 996 1276 1804 1334; baseline -0.004 -19"><span class='ocrx_word' id='word_1_428' title='bbox 996 1283 1044 1315; x_wconf 81' lang='grc' dir='ltr'><strong>αὐ</strong></span> <span class='ocrx_word' id='word_1_429' title='bbox 1068 1281 1239 1324; x_wconf 80' lang='grc' dir='ltr'><em>μέσατοι,</em></span> <span class='ocrx_word' id='word_1_430' title='bbox 1266 1280 1288 1323; x_wconf 80' lang='grc' dir='ltr'><em>ἢ</em></span> <span class='ocrx_word' id='word_1_431' title='bbox 1311 1276 1481 1320; x_wconf 74' lang='grc' dir='ltr'><em>ὕστατοι,</em></span> <span class='ocrx_word' id='word_1_432' title='bbox 1498 1278 1536 1334; x_wconf 81' lang='grc' dir='ltr'>ἢ</span> <span class='ocrx_word' id='word_1_433' title='bbox 1560 1277 1658 1322; x_wconf 88' lang='grc' dir='ltr'><em>μαλα</em></span> <span class='ocrx_word' id='word_1_434' title='bbox 1684 1277 1804 1322; x_wconf 74' lang='grc' dir='ltr'><em>πάγχυ</em></span> 
     </span>
     <span class='ocr_line' id='line_1_71' title="bbox 999 1323 1805 1372; baseline -0.005 -9"><span class='ocrx_word' id='word_1_435' title='bbox 999 1328 1212 1372; x_wconf 81' lang='grc' dir='ltr'><em>Νώνυμνοι,</em></span> <span class='ocrx_word' id='word_1_436' title='bbox 1232 1328 1390 1372; x_wconf 84' lang='grc' dir='ltr'><em>βωμοῖσι</em></span> <span class='ocrx_word' id='word_1_437' title='bbox 1407 1323 1508 1369; x_wconf 73' lang='grc' dir='ltr'><em>παρα</em></span> <span class='ocrx_word' id='word_1_438' title='bbox 1525 1327 1688 1370; x_wconf 83' lang='grc' dir='ltr'><em>κνίσσῃσι</em></span> <span class='ocrx_word' id='word_1_439' title='bbox 1707 1325 1805 1359; x_wconf 72' lang='grc' dir='ltr'><em>καθ·-</em></span> 
     </span>
     <span class='ocr_line' id='line_1_72' title="bbox 997 1372 1804 1418; baseline -0.006 -8.831"><span class='ocrx_word' id='word_1_440' title='bbox 997 1377 1103 1418; x_wconf 83' lang='grc' dir='ltr'><em>η.σθε</em></span> <span class='ocrx_word' id='word_1_441' title='bbox 1126 1394 1168 1399; x_wconf 83' lang='grc'><strong>-</strong></span> <span class='ocrx_word' id='word_1_442' title='bbox 1194 1373 1453 1413; x_wconf 60' lang='lat' dir='ltr'><strong>nioeaVen„</strong></span> <span class='ocrx_word' id='word_1_443' title='bbox 1479 1373 1532 1406; x_wconf 83' lang='lat' dir='ltr'><strong>ed.</strong></span> <span class='ocrx_word' id='word_1_444' title='bbox 1554 1372 1664 1412; x_wconf 67' lang='lat' dir='ltr'><strong>Rom„</strong></span> <span class='ocrx_word' id='word_1_445' title='bbox 1684 1372 1804 1415; x_wconf 87' lang='lat' dir='ltr'><strong>Steph.</strong></span> 
     </span>
     <span class='ocr_line' id='line_1_73' title="bbox 996 1417 1806 1464; baseline -0.005 -11"><span class='ocrx_word' id='word_1_446' title='bbox 996 1425 1032 1454; x_wconf 85' lang='lat' dir='ltr'><strong>et</strong></span> <span class='ocrx_word' id='word_1_447' title='bbox 1065 1420 1168 1464; x_wconf 83' lang='lat' dir='ltr'><strong>vulgo</strong></span> <span class='ocrx_word' id='word_1_448' title='bbox 1202 1419 1304 1459; x_wconf 53' lang='lat' dir='ltr'><strong>edd„</strong></span> <span class='ocrx_word' id='word_1_449' title='bbox 1342 1417 1481 1452; x_wconf 87' lang='lat' dir='ltr'><strong>Townl.</strong></span> <span class='ocrx_word' id='word_1_450' title='bbox 1513 1429 1648 1463; x_wconf 91' lang='lat' dir='ltr'><strong>quoque</strong></span> <span class='ocrx_word' id='word_1_451' title='bbox 1677 1417 1806 1457; x_wconf 88' lang='lat' dir='ltr'><strong>Schol,</strong></span> 
     </span>
     <span class='ocr_line' id='line_1_74' title="bbox 996 1463 1821 1511; baseline -0.006 -11"><span class='ocrx_word' id='word_1_452' title='bbox 996 1467 1111 1511; x_wconf 77' lang='lat' dir='ltr'><strong>Etym.</strong></span> <span class='ocrx_word' id='word_1_453' title='bbox 1137 1472 1173 1500; x_wconf 86' lang='lat' dir='ltr'><strong>et</strong></span> <span class='ocrx_word' id='word_1_454' title='bbox 1199 1466 1345 1505; x_wconf 76' lang='lat' dir='ltr'><strong>Suidas,</strong></span> <span class='ocrx_word' id='word_1_455' title='bbox 1370 1477 1390 1499; x_wconf 88' lang='lat' dir='ltr'><strong>a</strong></span> <span class='ocrx_word' id='word_1_456' title='bbox 1413 1466 1509 1506; x_wconf 85' lang='grc' dir='ltr'><em>πίω,</em></span> <span class='ocrx_word' id='word_1_457' title='bbox 1534 1465 1679 1504; x_wconf 83' lang='grc' dir='ltr'><em>ποτίζω.</em></span> <span class='ocrx_word' id='word_1_458' title='bbox 1725 1463 1804 1496; x_wconf 70' lang='lat' dir='ltr'><strong>aliie</strong></span> <span class='ocrx_word' id='word_1_459' title='bbox 1819 1488 1821 1491; x_wconf 91' lang='lat'><strong>.</strong></span> 
     </span>
     <span class='ocr_line' id='line_1_75' title="bbox 996 1510 1847 1551; baseline -0.004 -5"><span class='ocrx_word' id='word_1_460' title='bbox 996 1516 1144 1551; x_wconf 83' lang='grc' dir='ltr'><em>πείσεα,</em></span> <span class='ocrx_word' id='word_1_461' title='bbox 1187 1523 1208 1545; x_wconf 88' lang='lat' dir='ltr'><strong>a</strong></span> <span class='ocrx_word' id='word_1_462' title='bbox 1250 1504 1803 1545; x_wconf 70' lang='grc' dir='ltr'><em>πείω.801ι.επείσεα.τα</em></span> <span class='ocrx_word' id='word_1_463' title='bbox 1845 1522 1847 1528; x_wconf 82' lang='grc'><strong>’</strong></span> 
     </span>
     <span class='ocr_line' id='line_1_76' title="bbox 997 1553 1804 1617; baseline -0.005 -24"><span class='ocrx_word' id='word_1_464' title='bbox 997 1556 1141 1615; x_wconf 78' lang='grc' dir='ltr'><em>υδρηλοὶ</em></span> <span class='ocrx_word' id='word_1_465' title='bbox 1153 1559 1290 1617; x_wconf 37' lang='grc' dir='ltr'><em>,χωρίῳ</em></span> <span class='ocrx_word' id='word_1_466' title='bbox 1315 1555 1403 1595; x_wconf 80' lang='grc' dir='ltr'><strong>τούς</strong></span> <span class='ocrx_word' id='word_1_467' title='bbox 1408 1555 1638 1613; x_wconf 79' lang='grc' dir='ltr'><em>καθύγρους</em></span> <span class='ocrx_word' id='word_1_468' title='bbox 1654 1553 1804 1596; x_wconf 86' lang='grc' dir='ltr'><em>τόπους,</em></span> 
     </span>
     <span class='ocr_line' id='line_1_77' title="bbox 998 1600 1806 1643; baseline -0.005 -4"><span class='ocrx_word' id='word_1_469' title='bbox 998 1603 1071 1640; x_wconf 85' lang='grc' dir='ltr'><strong>απὸ</strong></span> <span class='ocrx_word' id='word_1_470' title='bbox 1098 1606 1165 1638; x_wconf 87' lang='grc' dir='ltr'><strong>τοῦ</strong></span> <span class='ocrx_word' id='word_1_471' title='bbox 1191 1609 1284 1639; x_wconf 77' lang='grc' dir='ltr'><em>εἰναι</em></span> <span class='ocrx_word' id='word_1_472' title='bbox 1308 1602 1348 1638; x_wconf 80' lang='grc' dir='ltr'><strong>ἐν</strong></span> <span class='ocrx_word' id='word_1_473' title='bbox 1372 1601 1500 1641; x_wconf 76' lang='grc' dir='ltr'><em>αὐτοῖς</em></span> <span class='ocrx_word' id='word_1_474' title='bbox 1523 1605 1659 1643; x_wconf 81' lang='grc' dir='ltr'><em>πεῖσαι,</em></span> <span class='ocrx_word' id='word_1_475' title='bbox 1687 1614 1707 1636; x_wconf 91' lang='grc' dir='ltr'><em>ο</em></span> <span class='ocrx_word' id='word_1_476' title='bbox 1732 1600 1806 1636; x_wconf 78' lang='grc' dir='ltr'><em>ἐστι</em></span> 
     </span>
     <span class='ocr_line' id='line_1_78' title="bbox 997 1646 1806 1694; baseline -0.004 -9"><span class='ocrx_word' id='word_1_477' title='bbox 997 1652 1158 1685; x_wconf 80' lang='grc' dir='ltr'><em>ποτίσαι.</em></span> <span class='ocrx_word' id='word_1_478' title='bbox 1204 1649 1451 1694; x_wconf 86' lang='grc' dir='ltr'><em>ποιήεντα.</em></span> <span class='ocrx_word' id='word_1_479' title='bbox 1476 1648 1548 1694; x_wconf 84' lang='grc' dir='ltr'><em>(β’,</em></span> <span class='ocrx_word' id='word_1_480' title='bbox 1568 1650 1655 1689; x_wconf 86' lang='grc'><em>503,</em></span> <span class='ocrx_word' id='word_1_481' title='bbox 1680 1646 1716 1687; x_wconf 78' lang='grc' dir='ltr'><strong>ι’,</strong></span> <span class='ocrx_word' id='word_1_482' title='bbox 1739 1648 1806 1682; x_wconf 86' lang='grc'><strong>150</strong></span> 
     </span>
     <span class='ocr_line' id='line_1_79' title="bbox 1000 1695 1807 1751; baseline -0.002 -21"><span class='ocrx_word' id='word_1_483' title='bbox 1000 1698 1086 1741; x_wconf 83' lang='lat' dir='ltr'><strong>etc.)</strong></span> <span class='ocrx_word' id='word_1_484' title='bbox 1104 1696 1282 1751; x_wconf 83' lang='grc' dir='ltr'><em>βοτάνην</em></span> <span class='ocrx_word' id='word_1_485' title='bbox 1323 1696 1464 1739; x_wconf 77' lang='grc' dir='ltr'><em>ἔ.χοντα</em></span> <span class='ocrx_word' id='word_1_486' title='bbox 1511 1696 1565 1740; x_wconf 89' lang='lat' dir='ltr'><strong>Ap</strong></span> <span class='ocrx_word' id='word_1_487' title='bbox 1589 1707 1598 1728; x_wconf 69' lang='grc' dir='ltr'><strong>ι</strong></span> <span class='ocrx_word' id='word_1_488' title='bbox 1639 1695 1807 1729; x_wconf 78' lang='grc' dir='ltr'><em>πείσεα</em></span> 
     </span>
     <span class='ocr_line' id='line_1_80' title="bbox 999 1741 1832 1787; baseline -0.008 -8.712"><span class='ocrx_word' id='word_1_489' title='bbox 999 1741 1112 1787; x_wconf 89' lang='grc' dir='ltr'><em>ποιή</em></span> <span class='ocrx_word' id='word_1_490' title='bbox 1127 1757 1141 1778; x_wconf 85' lang='grc' dir='ltr'><em>ε</em></span> <span class='ocrx_word' id='word_1_491' title='bbox 1155 1756 1174 1776; x_wconf 92' lang='grc' dir='ltr'><strong>ν</strong></span> <span class='ocrx_word' id='word_1_492' title='bbox 1188 1756 1249 1777; x_wconf 87' lang='grc' dir='ltr'><strong>τα.</strong></span> <span class='ocrx_word' id='word_1_493' title='bbox 1276 1741 1480 1785; x_wconf 85' lang='lat' dir='ltr'><strong>(addendum</strong></span> <span class='ocrx_word' id='word_1_494' title='bbox 1500 1746 1553 1775; x_wconf 86' lang='lat' dir='ltr'><strong>est</strong></span> <span class='ocrx_word' id='word_1_495' title='bbox 1570 1741 1633 1773; x_wconf 88' lang='lat' dir='ltr'><strong>hoc</strong></span> <span class='ocrx_word' id='word_1_496' title='bbox 1654 1741 1832 1783; x_wconf 86' lang='lat' dir='ltr'><strong>verbum,</strong></span> <span class='ocrx_word' id='word_1_497' title='bbox 1826 1774 1830 1779; x_wconf 63' lang='grc'><em>,</em></span> 
     </span>
     <span class='ocr_line' id='line_1_81' title="bbox 1000 1784 1830 1841; baseline -0.005 -18"><span class='ocrx_word' id='word_1_498' title='bbox 1000 1794 1038 1823; x_wconf 89' lang='lat' dir='ltr'><strong>ut</strong></span> <span class='ocrx_word' id='word_1_499' title='bbox 1063 1790 1156 1834; x_wconf 88' lang='lat' dir='ltr'><strong>quod</strong></span> <span class='ocrx_word' id='word_1_500' title='bbox 1189 1790 1441 1840; x_wconf 80' lang='lat' dir='ltr'><strong>interpretetur</strong></span> <span class='ocrx_word' id='word_1_501' title='bbox 1463 1786 1736 1841; x_wconf 85' lang='lat' dir='ltr'><strong>grammaticus.)</strong></span> <span class='ocrx_word' id='word_1_502' title='bbox 1771 1784 1830 1833; x_wconf 57' lang='lat' dir='ltr'><strong>oi}</strong></span> 
     </span>
     <span class='ocr_line' id='line_1_82' title="bbox 1000 1831 1688 1878; baseline -0.006 -8"><span class='ocrx_word' id='word_1_503' title='bbox 1000 1835 1152 1878; x_wconf 85' lang='grc' dir='ltr'><em>πότιμοι</em></span> <span class='ocrx_word' id='word_1_504' title='bbox 1175 1834 1284 1870; x_wconf 86' lang='grc' dir='ltr'><em>τόποι</em></span> <span class='ocrx_word' id='word_1_505' title='bbox 1307 1834 1370 1867; x_wconf 76' lang='grc' dir='ltr'><strong>καὶ</strong></span> <span class='ocrx_word' id='word_1_506' title='bbox 1393 1833 1492 1868; x_wconf 83' lang='grc' dir='ltr'><em>πόαν</em></span> <span class='ocrx_word' id='word_1_507' title='bbox 1517 1831 1688 1872; x_wconf 79' lang='grc' dir='ltr'><em>ἀνιέντες.</em></span> 
     </span>
     <span class='ocr_line' id='line_1_83' title="bbox 1049 1878 1829 1922; baseline -0.008 -5"><span class='ocrx_word' id='word_1_508' title='bbox 1049 1883 1215 1917; x_wconf 92' lang='grc'><em>10-15</em></span> <span class='ocrx_word' id='word_1_509' title='bbox 1241 1878 1469 1920; x_wconf 82' lang='grc' dir='ltr'><em>ἐλθόντες</em></span> <span class='ocrx_word' id='word_1_510' title='bbox 1492 1897 1537 1904; x_wconf 87' lang='grc'>-</span> <span class='ocrx_word' id='word_1_511' title='bbox 1562 1878 1685 1918; x_wconf 88' lang='grc' dir='ltr'><em>Διός.</em></span> <span class='ocrx_word' id='word_1_512' title='bbox 1707 1883 1829 1922; x_wconf 83' lang='lat' dir='ltr'><strong>post-</strong></span> 
     </span>
     <span class='ocr_line' id='line_1_84' title="bbox 1001 1924 1830 1972; baseline -0.001 -12"><span class='ocrx_word' id='word_1_513' title='bbox 1001 1940 1103 1972; x_wconf 81' lang='lat' dir='ltr'><strong>quam</strong></span> <span class='ocrx_word' id='word_1_514' title='bbox 1136 1928 1247 1971; x_wconf 78' lang='lat' dir='ltr'><strong>igitur</strong></span> <span class='ocrx_word' id='word_1_515' title='bbox 1269 1931 1435 1960; x_wconf 82' lang='lat' dir='ltr'><strong>venerant</strong></span> <span class='ocrx_word' id='word_1_516' title='bbox 1469 1926 1517 1958; x_wconf 80' lang='lat' dir='ltr'><strong>ad</strong></span> <span class='ocrx_word' id='word_1_517' title='bbox 1543 1926 1677 1958; x_wconf 82' lang='lat' dir='ltr'><strong>domum</strong></span> <span class='ocrx_word' id='word_1_518' title='bbox 1704 1925 1809 1959; x_wconf 76' lang='lat' dir='ltr'><strong>Jovis.</strong></span> <span class='ocrx_word' id='word_1_519' title='bbox 1825 1924 1830 1959; x_wconf 74' lang='grc' dir='ltr'><strong>ἐ</strong></span> 
     </span>
     <span class='ocr_line' id='line_1_85' title="bbox 1001 1971 1809 2018; baseline -0.004 -11"><span class='ocrx_word' id='word_1_520' title='bbox 1001 1975 1096 2007; x_wconf 86' lang='lat' dir='ltr'><strong>velut</strong></span> <span class='ocrx_word' id='word_1_521' title='bbox 1120 1984 1182 2018; x_wconf 89' lang='lat' dir='ltr'><strong>per</strong></span> <span class='ocrx_word' id='word_1_522' title='bbox 1207 1979 1322 2017; x_wconf 87' lang='lat' dir='ltr'><strong>partes</strong></span> <span class='ocrx_word' id='word_1_523' title='bbox 1346 1971 1551 2005; x_wconf 79' lang='lat' dir='ltr'><strong>describitur</strong></span> <span class='ocrx_word' id='word_1_524' title='bbox 1568 1971 1707 2004; x_wconf 90' lang='lat' dir='ltr'><strong>deorum</strong></span> <span class='ocrx_word' id='word_1_525' title='bbox 1728 1982 1809 2005; x_wconf 87' lang='lat' dir='ltr'><strong>con-</strong></span> 
     </span>
     <span class='ocr_line' id='line_1_86' title="bbox 1000 2016 1830 2062; baseline -0.004 -9"><span class='ocrx_word' id='word_1_526' title='bbox 1000 2020 1137 2057; x_wconf 86' lang='lat' dir='ltr'><strong>cilium,</strong></span> <span class='ocrx_word' id='word_1_527' title='bbox 1163 2020 1206 2052; x_wconf 87' lang='lat' dir='ltr'><strong>de</strong></span> <span class='ocrx_word' id='word_1_528' title='bbox 1226 2031 1262 2052; x_wconf 88' lang='lat' dir='ltr'><strong>re</strong></span> <span class='ocrx_word' id='word_1_529' title='bbox 1281 2018 1486 2062; x_wconf 81' lang='lat' dir='ltr'><strong>gravissima</strong></span> <span class='ocrx_word' id='word_1_530' title='bbox 1503 2017 1705 2050; x_wconf 86' lang='lat' dir='ltr'><strong>habendum.</strong></span> <span class='ocrx_word' id='word_1_531' title='bbox 1736 2016 1808 2061; x_wconf 84' lang='lat' dir='ltr'><strong>pri·</strong></span> <span class='ocrx_word' id='word_1_532' title='bbox 1824 2027 1830 2061; x_wconf 67' lang='lat'>1</span> 
     </span>
     <span class='ocr_line' id='line_1_87' title="bbox 1001 2062 1829 2103; baseline -0.005 -4"><span class='ocrx_word' id='word_1_533' title='bbox 1001 2078 1086 2099; x_wconf 89' lang='lat' dir='ltr'><strong>mum</strong></span> <span class='ocrx_word' id='word_1_534' title='bbox 1124 2065 1171 2097; x_wconf 87' lang='lat' dir='ltr'><strong>dii</strong></span> <span class='ocrx_word' id='word_1_535' title='bbox 1195 2064 1400 2097; x_wconf 85' lang='lat' dir='ltr'><strong>conveniunt</strong></span> <span class='ocrx_word' id='word_1_536' title='bbox 1423 2063 1466 2097; x_wconf 84' lang='lat' dir='ltr'><strong>ad</strong></span> <span class='ocrx_word' id='word_1_537' title='bbox 1496 2063 1599 2096; x_wconf 85' lang='lat' dir='ltr'><strong>aedes</strong></span> <span class='ocrx_word' id='word_1_538' title='bbox 1621 2062 1741 2103; x_wconf 82' lang='lat' dir='ltr'><strong>Jovis,</strong></span> <span class='ocrx_word' id='word_1_539' title='bbox 1773 2066 1829 2101; x_wconf 76' lang='lat' dir='ltr'><strong>et,</strong></span> 
     </span>
     <span class='ocr_line' id='line_1_88' title="bbox 999 2107 1828 2156; baseline -0.002 -12"><span class='ocrx_word' id='word_1_540' title='bbox 999 2112 1036 2144; x_wconf 89' lang='lat' dir='ltr'><strong>in</strong></span> <span class='ocrx_word' id='word_1_541' title='bbox 1062 2111 1251 2156; x_wconf 83' lang='lat' dir='ltr'><strong>porticibus</strong></span> <span class='ocrx_word' id='word_1_542' title='bbox 1275 2109 1464 2147; x_wconf 86' lang='lat' dir='ltr'><strong>considunt,</strong></span> <span class='ocrx_word' id='word_1_543' title='bbox 1491 2109 1569 2142; x_wconf 89' lang='lat' dir='ltr'><strong>dum</strong></span> <span class='ocrx_word' id='word_1_544' title='bbox 1595 2119 1707 2142; x_wconf 86' lang='lat' dir='ltr'><strong>omnes</strong></span> <span class='ocrx_word' id='word_1_545' title='bbox 1727 2107 1828 2156; x_wconf 72' lang='lat' dir='ltr'><strong>con-l</strong></span> 
     </span>
     <span class='ocr_line' id='line_1_89' title="bbox 1000 2152 1827 2211; baseline -0.004 -21"><span class='ocrx_word' id='word_1_546' title='bbox 1000 2158 1138 2201; x_wconf 81' lang='lat' dir='ltr'><strong>gregati</strong></span> <span class='ocrx_word' id='word_1_547' title='bbox 1170 2158 1260 2196; x_wconf 83' lang='lat' dir='ltr'><strong>sint3</strong></span> <span class='ocrx_word' id='word_1_548' title='bbox 1297 2155 1420 2188; x_wconf 83' lang='lat' dir='ltr'><strong>deinde</strong></span> <span class='ocrx_word' id='word_1_549' title='bbox 1452 2155 1560 2211; x_wconf 88' lang='lat' dir='ltr'><strong>ipsam</strong></span> <span class='ocrx_word' id='word_1_550' title='bbox 1594 2155 1726 2188; x_wconf 88' lang='lat' dir='ltr'><strong>domum</strong></span> <span class='ocrx_word' id='word_1_551' title='bbox 1757 2152 1827 2188; x_wconf 83' lang='lat' dir='ltr'><strong>in·-</strong></span> 
     </span>
     <span class='ocr_line' id='line_1_90' title="bbox 998 2197 1827 2246; baseline -0.002 -10"><span class='ocrx_word' id='word_1_552' title='bbox 998 2209 1114 2243; x_wconf 83' lang='lat' dir='ltr'><strong>trant,</strong></span> <span class='ocrx_word' id='word_1_553' title='bbox 1141 2202 1229 2246; x_wconf 88' lang='lat' dir='ltr'><strong>quod</strong></span> <span class='ocrx_word' id='word_1_554' title='bbox 1257 2204 1357 2246; x_wconf 85' lang='lat' dir='ltr'><strong>poe&#39;ta</strong></span> <span class='ocrx_word' id='word_1_555' title='bbox 1382 2201 1465 2234; x_wconf 75' lang='lat' dir='ltr'><strong>dicit</strong></span> <span class='ocrx_word' id='word_1_556' title='bbox 1490 2197 1540 2240; x_wconf 81' lang='grc' dir='ltr'><strong>ὧς</strong></span> <span class='ocrx_word' id='word_1_557' title='bbox 1563 2200 1598 2236; x_wconf 74' lang='grc' dir='ltr'><em>οἳ</em></span> <span class='ocrx_word' id='word_1_558' title='bbox 1622 2213 1690 2243; x_wconf 81' lang='grc' dir='ltr'><strong>μεν</strong></span> <span class='ocrx_word' id='word_1_559' title='bbox 1713 2199 1827 2242; x_wconf 76' lang='grc' dir='ltr'><em>Διός</em></span> 
     </span>
     <span class='ocr_line' id='line_1_91' title="bbox 1002 2247 1827 2292; baseline -0.005 -9"><span class='ocrx_word' id='word_1_560' title='bbox 1002 2248 1110 2284; x_wconf 76' lang='grc' dir='ltr'><em>ἔιδον</em></span> <span class='ocrx_word' id='word_1_561' title='bbox 1142 2247 1364 2292; x_wconf 76' lang='grc' dir='ltr'><em>α’γηγέρατο,</em></span> <span class='ocrx_word' id='word_1_562' title='bbox 1401 2248 1448 2280; x_wconf 83' lang='lat' dir='ltr'><strong>sic</strong></span> <span class='ocrx_word' id='word_1_563' title='bbox 1481 2248 1535 2280; x_wconf 78' lang='lat' dir='ltr'><strong>illi</strong></span> <span class='ocrx_word' id='word_1_564' title='bbox 1569 2248 1705 2291; x_wconf 77' lang='lat' dir='ltr'><strong>quidem</strong></span> <span class='ocrx_word' id='word_1_565' title='bbox 1728 2259 1827 2280; x_wconf 80' lang='lat' dir='ltr'><strong>con-</strong></span> 
     </span>
     <span class='ocr_line' id='line_1_92' title="bbox 1001 2293 1825 2340; baseline -0.002 -12"><span class='ocrx_word' id='word_1_566' title='bbox 1001 2295 1149 2340; x_wconf 65' lang='lat' dir='ltr'><strong>gregati</strong></span> <span class='ocrx_word' id='word_1_567' title='bbox 1172 2299 1249 2326; x_wconf 77' lang='lat' dir='ltr'><strong>sunt</strong></span> <span class='ocrx_word' id='word_1_568' title='bbox 1273 2295 1308 2326; x_wconf 83' lang='lat' dir='ltr'><strong>in</strong></span> <span class='ocrx_word' id='word_1_569' title='bbox 1334 2295 1476 2327; x_wconf 75' lang='lat' dir='ltr'><strong>aedibus</strong></span> <span class='ocrx_word' id='word_1_570' title='bbox 1498 2295 1610 2333; x_wconf 79' lang='lat' dir='ltr'><strong>Jouis,</strong></span> <span class='ocrx_word' id='word_1_571' title='bbox 1635 2293 1661 2328; x_wconf 89' lang='lat' dir='ltr'><strong>i.</strong></span> <span class='ocrx_word' id='word_1_572' title='bbox 1686 2305 1715 2326; x_wconf 88' lang='lat' dir='ltr'><strong>e.</strong></span> <span class='ocrx_word' id='word_1_573' title='bbox 1744 2294 1825 2326; x_wconf 78' lang='lat' dir='ltr'><strong>hoc</strong></span> 
     </span>
     <span class='ocr_line' id='line_1_93' title="bbox 1003 2339 1826 2386; baseline -0.001 -12"><span class='ocrx_word' id='word_1_574' title='bbox 1003 2347 1128 2386; x_wconf 74' lang='lat' dir='ltr'><strong>pacto,</strong></span> <span class='ocrx_word' id='word_1_575' title='bbox 1161 2347 1338 2385; x_wconf 73' lang='lat' dir='ltr'><strong>postquam</strong></span> <span class='ocrx_word' id='word_1_576' title='bbox 1372 2339 1407 2372; x_wconf 91' lang='lat' dir='ltr'><strong>id</strong></span> <span class='ocrx_word' id='word_1_577' title='bbox 1434 2341 1562 2374; x_wconf 79' lang='lat' dir='ltr'><strong>factum</strong></span> <span class='ocrx_word' id='word_1_578' title='bbox 1584 2346 1677 2379; x_wconf 79' lang='lat' dir='ltr'><strong>erat,</strong></span> <span class='ocrx_word' id='word_1_579' title='bbox 1711 2343 1826 2384; x_wconf 72' lang='lat' dir='ltr'><strong>post-Z</strong></span> 
     </span>
     <span class='ocr_line' id='line_1_94' title="bbox 1003 2378 1841 2430; baseline 0 -12"><span class='ocrx_word' id='word_1_580' title='bbox 1003 2398 1102 2430; x_wconf 88' lang='lat' dir='ltr'><strong>quam</strong></span> <span class='ocrx_word' id='word_1_581' title='bbox 1128 2390 1357 2419; x_wconf 87' lang='lat' dir='ltr'><strong>convenerant</strong></span> <span class='ocrx_word' id='word_1_582' title='bbox 1390 2390 1425 2418; x_wconf 86' lang='lat' dir='ltr'><strong>et</strong></span> <span class='ocrx_word' id='word_1_583' title='bbox 1457 2385 1490 2418; x_wconf 88' lang='lat' dir='ltr'><strong>in</strong></span> <span class='ocrx_word' id='word_1_584' title='bbox 1526 2385 1714 2430; x_wconf 80' lang='lat' dir='ltr'><strong>porticibus</strong></span> <span class='ocrx_word' id='word_1_585' title='bbox 1733 2387 1825 2428; x_wconf 88' lang='lat' dir='ltr'><strong>jus·</strong></span> <span class='ocrx_word' id='word_1_586' title='bbox 1822 2378 1841 2429; x_wconf 71' lang='lat' dir='ltr'><strong>l</strong></span> 
     </span>
     <span class='ocr_line' id='line_1_95' title="bbox 1003 2431 1809 2476; baseline 0 -11"><span class='ocrx_word' id='word_1_587' title='bbox 1003 2445 1085 2469; x_wconf 85' lang='grc' dir='ltr'><em>5υιιι</em></span> <span class='ocrx_word' id='word_1_588' title='bbox 1112 2438 1150 2465; x_wconf 82' lang='lat' dir='ltr'><strong>ut</strong></span> <span class='ocrx_word' id='word_1_589' title='bbox 1166 2433 1345 2471; x_wconf 63' lang='lat' dir='ltr'><strong>intrment,</strong></span> <span class='ocrx_word' id='word_1_590' title='bbox 1371 2443 1459 2476; x_wconf 84' lang='lat' dir='ltr'><strong>per</strong></span> <span class='ocrx_word' id='word_1_591' title='bbox 1450 2432 1607 2476; x_wconf 70' lang='lat' dir='ltr'><strong>ssiquem,</strong></span> <span class='ocrx_word' id='word_1_592' title='bbox 1631 2431 1688 2474; x_wconf 91' lang='lat' dir='ltr'><strong>qui</strong></span> <span class='ocrx_word' id='word_1_593' title='bbox 1709 2442 1809 2475; x_wconf 86' lang='lat' dir='ltr'><strong>prae·</strong></span> 
     </span>
     <span class='ocr_line' id='line_1_96' title="bbox 1002 2477 1825 2522; baseline -0.002 -10"><span class='ocrx_word' id='word_1_594' title='bbox 1002 2479 1096 2512; x_wconf 87' lang='lat' dir='ltr'><strong>conis</strong></span> <span class='ocrx_word' id='word_1_595' title='bbox 1115 2485 1230 2522; x_wconf 85' lang='lat' dir='ltr'><strong>partes</strong></span> <span class='ocrx_word' id='word_1_596' title='bbox 1251 2484 1382 2520; x_wconf 77' lang='lat' dir='ltr'><strong>ageret,</strong></span> <span class='ocrx_word' id='word_1_597' title='bbox 1402 2477 1617 2519; x_wconf 85' lang='lat' dir='ltr'><strong>Mercurium,</strong></span> <span class='ocrx_word' id='word_1_598' title='bbox 1637 2477 1693 2511; x_wconf 82' lang='lat' dir='ltr'><strong>vel</strong></span> <span class='ocrx_word' id='word_1_599' title='bbox 1713 2477 1825 2510; x_wconf 72' lang='lat' dir='ltr'><strong>&#39;lue--</strong></span> 
     </span>
     <span class='ocr_line' id='line_1_97' title="bbox 999 2524 1825 2568; baseline -0.002 -11"><span class='ocrx_word' id='word_1_600' title='bbox 999 2525 1132 2564; x_wconf 70' lang='lat' dir='ltr'><strong>midam,</strong></span> <span class='ocrx_word' id='word_1_601' title='bbox 1155 2524 1406 2568; x_wconf 83' lang='lat' dir='ltr'><strong>perferendum,</strong></span> <span class='ocrx_word' id='word_1_602' title='bbox 1424 2528 1703 2567; x_wconf 81' lang='lat' dir='ltr'><strong>expectaverant</strong></span> <span class='ocrx_word' id='word_1_603' title='bbox 1737 2531 1825 2556; x_wconf 78' lang='lat' dir='ltr'><strong>non&#39;</strong></span> 
     </span>
     <span class='ocr_line' id='line_1_98' title="bbox 1001 2550 1824 2609; baseline -0.004 -6"><span class='ocrx_word' id='word_1_604' title='bbox 1001 2570 1089 2604; x_wconf 79' lang='lat' dir='ltr'><strong>dixit</strong></span> <span class='ocrx_word' id='word_1_605' title='bbox 1102 2550 1199 2603; x_wconf 78' lang='lat' dir='ltr'><strong>Flom.</strong></span> <span class='ocrx_word' id='word_1_606' title='bbox 1211 2581 1331 2602; x_wconf 91' lang='lat' dir='ltr'><strong>nomen</strong></span> <span class='ocrx_word' id='word_1_607' title='bbox 1349 2569 1440 2603; x_wconf 87' lang='lat' dir='ltr'><strong>illins</strong></span> <span class='ocrx_word' id='word_1_608' title='bbox 1457 2570 1524 2609; x_wconf 83' lang='lat' dir='ltr'><strong>dei,</strong></span> <span class='ocrx_word' id='word_1_609' title='bbox 1547 2574 1584 2602; x_wconf 91' lang='lat' dir='ltr'><strong>ut</strong></span> <span class='ocrx_word' id='word_1_610' title='bbox 1594 2570 1695 2602; x_wconf 86' lang='lat' dir='ltr'><strong>multa</strong></span> <span class='ocrx_word' id='word_1_611' title='bbox 1706 2568 1824 2601; x_wconf 81' lang='lat' dir='ltr'><strong>omit-!</strong></span> 
     </span>
     <span class='ocr_line' id='line_1_99' title="bbox 999 2614 1824 2669; baseline -0.002 -20"><span class='ocrx_word' id='word_1_612' title='bbox 999 2621 1075 2649; x_wconf 84' lang='lat' dir='ltr'><strong>tere</strong></span> <span class='ocrx_word' id='word_1_613' title='bbox 1099 2616 1208 2654; x_wconf 82' lang='lat' dir='ltr'><strong>solet,</strong></span> <span class='ocrx_word' id='word_1_614' title='bbox 1234 2627 1322 2659; x_wconf 86' lang='lat' dir='ltr'><strong>quae</strong></span> <span class='ocrx_word' id='word_1_615' title='bbox 1346 2626 1405 2659; x_wconf 90' lang='lat' dir='ltr'><strong>per</strong></span> <span class='ocrx_word' id='word_1_616' title='bbox 1429 2627 1467 2648; x_wconf 83' lang='lat' dir='ltr'><strong>se</strong></span> <span class='ocrx_word' id='word_1_617' title='bbox 1487 2615 1587 2649; x_wconf 79' lang='lat' dir='ltr'><strong>facile</strong></span> <span class='ocrx_word' id='word_1_618' title='bbox 1611 2614 1824 2669; x_wconf 81' lang='lat' dir='ltr'><strong>intelligan-</strong></span> 
     </span>
     <span class='ocr_line' id='line_1_100' title="bbox 1000 2658 1839 2706; baseline -0.002 -11"><span class='ocrx_word' id='word_1_619' title='bbox 1000 2666 1067 2695; x_wconf 88' lang='lat' dir='ltr'><strong>tur.</strong></span> <span class='ocrx_word' id='word_1_620' title='bbox 1089 2681 1132 2686; x_wconf 92' lang='lat'><em>-</em></span> <span class='ocrx_word' id='word_1_621' title='bbox 1182 2661 1466 2706; x_wconf 57' lang='lat' dir='ltr'><strong>gemmata</strong></span> <span class='ocrx_word' id='word_1_622' title='bbox 1501 2659 1548 2703; x_wconf 83' lang='grc' dir='ltr'><strong>ζ’,</strong></span> <span class='ocrx_word' id='word_1_623' title='bbox 1574 2659 1652 2695; x_wconf 69' lang='lat'><strong>243.</strong></span> <span class='ocrx_word' id='word_1_624' title='bbox 1700 2658 1839 2706; x_wconf 64' lang='lat' dir='ltr'><strong>cf.1&#39;‚1</strong></span> 
     </span>
     <span class='ocr_line' id='line_1_101' title="bbox 1000 2686 1840 2749; baseline -0.004 -7"><span class='ocrx_word' id='word_1_625' title='bbox 1000 2708 1080 2742; x_wconf 75' lang='lat'><strong>472.</strong></span> <span class='ocrx_word' id='word_1_626' title='bbox 1100 2727 1144 2732; x_wconf 90' lang='lat'>—</span> <span class='ocrx_word' id='word_1_627' title='bbox 1169 2706 1251 2742; x_wconf 72' lang='grc' dir='ltr'><strong>Διῒ</strong></span> <span class='ocrx_word' id='word_1_628' title='bbox 1272 2708 1427 2749; x_wconf 84' lang='grc' dir='ltr'><em>πατρί.</em></span> <span class='ocrx_word' id='word_1_629' title='bbox 1451 2686 1594 2749; x_wconf 77' lang='grc' dir='ltr'><em>γ,350,</em></span> <span class='ocrx_word' id='word_1_630' title='bbox 1614 2705 1657 2748; x_wconf 84' lang='grc' dir='ltr'><strong>δ’,</strong></span> <span class='ocrx_word' id='word_1_631' title='bbox 1676 2707 1840 2747; x_wconf 71' lang='lat' dir='ltr'><strong>23etc}</strong></span> 
     </span>
     <span class='ocr_line' id='line_1_102' title="bbox 1001 2731 1823 2797; baseline -0.002 -11"><span class='ocrx_word' id='word_1_632' title='bbox 1001 2758 1120 2797; x_wconf 84' lang='lat' dir='ltr'><strong>patres</strong></span> <span class='ocrx_word' id='word_1_633' title='bbox 1144 2758 1309 2786; x_wconf 86' lang='lat' dir='ltr'><strong>vocantur</strong></span> <span class='ocrx_word' id='word_1_634' title='bbox 1333 2753 1402 2793; x_wconf 88' lang='lat' dir='ltr'><strong>dii,</strong></span> <span class='ocrx_word' id='word_1_635' title='bbox 1428 2753 1628 2797; x_wconf 83' lang='lat' dir='ltr'><strong>praesertim</strong></span> <span class='ocrx_word' id='word_1_636' title='bbox 1649 2731 1823 2795; x_wconf 79' lang='lat' dir='ltr'><strong>inajores,</strong></span> 
     </span>
     <span class='ocr_line' id='line_1_103' title="bbox 1000 2799 1806 2843; baseline -0.002 -11"><span class='ocrx_word' id='word_1_637' title='bbox 1000 2811 1112 2843; x_wconf 73' lang='lat' dir='ltr'><strong>neque</strong></span> <span class='ocrx_word' id='word_1_638' title='bbox 1136 2800 1223 2832; x_wconf 86' lang='lat' dir='ltr'><strong>ullus</strong></span> <span class='ocrx_word' id='word_1_639' title='bbox 1248 2810 1360 2832; x_wconf 84' lang='lat' dir='ltr'><strong>eorum</strong></span> <span class='ocrx_word' id='word_1_640' title='bbox 1380 2799 1516 2843; x_wconf 82' lang='lat' dir='ltr'><strong>saepius</strong></span> <span class='ocrx_word' id='word_1_641' title='bbox 1540 2810 1639 2843; x_wconf 86' lang='lat' dir='ltr'><strong>quam</strong></span> <span class='ocrx_word' id='word_1_642' title='bbox 1660 2799 1806 2841; x_wconf 84' lang='lat' dir='ltr'><strong>Jupiter,</strong></span> 
     </span>
     <span class='ocr_line' id='line_1_104' title="bbox 1002 2845 1822 2878; baseline -0.004 -1"><span class='ocrx_word' id='word_1_643' title='bbox 1002 2846 1082 2877; x_wconf 81' lang='lat' dir='ltr'><strong>novi</strong></span> <span class='ocrx_word' id='word_1_644' title='bbox 1107 2845 1236 2878; x_wconf 86' lang='lat' dir='ltr'><strong>ordinis</strong></span> <span class='ocrx_word' id='word_1_645' title='bbox 1260 2845 1396 2878; x_wconf 84' lang='lat' dir='ltr'><strong>deorum</strong></span> <span class='ocrx_word' id='word_1_646' title='bbox 1423 2853 1457 2878; x_wconf 87' lang='lat' dir='ltr'><strong>et</strong></span> <span class='ocrx_word' id='word_1_647' title='bbox 1483 2856 1592 2878; x_wconf 85' lang='lat' dir='ltr'><strong>rerum</strong></span> <span class='ocrx_word' id='word_1_648' title='bbox 1611 2849 1740 2878; x_wconf 79' lang='lat' dir='ltr'><strong>auctor.</strong></span> <span class='ocrx_word' id='word_1_649' title='bbox 1775 2855 1808 2876; x_wconf 83' lang='lat' dir='ltr'><strong>v.</strong></span> <span class='ocrx_word' id='word_1_650' title='bbox 1820 2854 1822 2869; x_wconf 69' lang='lat' dir='ltr'><em>r</em></span> 
     </span>
    </p>
   </div>
   <div class='ocr_carea' id='block_1_6' title="bbox 1002 2890 1822 3026">
    <p class='ocr_par' dir='ltr' id='par_1_14' title="bbox 1002 2890 1822 3026">
     <span class='ocr_line' id='line_1_105' title="bbox 1002 2890 1822 2936; baseline -0.002 -11"><span class='ocrx_word' id='word_1_651' title='bbox 1002 2890 1056 2936; x_wconf 81' lang='grc' dir='ltr'><strong>β,</strong></span> <span class='ocrx_word' id='word_1_652' title='bbox 1079 2892 1170 2929; x_wconf 83' lang='grc'><em>371,</em></span> <span class='ocrx_word' id='word_1_653' title='bbox 1240 2892 1362 2931; x_wconf 91' lang='grc'><em>,,757</em></span> <span class='ocrx_word' id='word_1_654' title='bbox 1401 2891 1558 2935; x_wconf 73' lang='lat' dir='ltr'><strong>Aeschyh</strong></span> <span class='ocrx_word' id='word_1_655' title='bbox 1591 2891 1704 2923; x_wconf 88' lang='lat' dir='ltr'><strong>Prom.</strong></span> <span class='ocrx_word' id='word_1_656' title='bbox 1727 2890 1822 2927; x_wconf 61' lang='grc' dir='ltr'><strong>922,ι</strong></span> 
     </span>
     <span class='ocr_line' id='line_1_106' title="bbox 1003 2904 1808 2981; baseline 0.001 -13"><span class='ocrx_word' id='word_1_657' title='bbox 1003 2936 1122 2981; x_wconf 79' lang='lat' dir='ltr'><strong>Eurip.</strong></span> <span class='ocrx_word' id='word_1_658' title='bbox 1150 2903 1660 2981; x_wconf 21' lang='lat' dir='ltr'><strong>Med.1Q5‚Virg.wGeorg</strong></span> <span class='ocrx_word' id='word_1_659' title='bbox 1689 2937 1720 2975; x_wconf 85' lang='lat'><strong>1,</strong></span> <span class='ocrx_word' id='word_1_660' title='bbox 1742 2935 1808 2969; x_wconf 74' lang='lat'><strong>328</strong></span> 
     </span>
     <span class='ocr_line' id='line_1_107' title="bbox 1002 2962 1821 3026; baseline 0 -11"><span class='ocrx_word' id='word_1_661' title='bbox 1002 2988 1124 3015; x_wconf 84' lang='lat' dir='ltr'><strong>etc.—</strong></span> <span class='ocrx_word' id='word_1_662' title='bbox 1140 2962 1712 3026; x_wconf 71' lang='grc' dir='ltr'><em>”Ηφαιστός-πραι-α’,</em></span> <span class='ocrx_word' id='word_1_663' title='bbox 1732 2982 1821 3016; x_wconf 87' lang='grc'>608.</span> 
     </span>
    </p>
   </div>
   <div class='ocr_carea' id='block_1_7' title="bbox 1821 1995 1842 2376">
    <p class='ocr_par' dir='ltr' id='par_1_15' title="bbox 1821 1995 1842 2376">
     <span class='ocr_line' id='line_1_108' title="bbox 1821 1995 1842 2376; baseline 0 0"><span class='ocrx_word' id='word_1_664' title='bbox 1821 1995 1842 2376; x_wconf 95' lang='lat' dir='ltr'><strong>    </strong></span> 
     </span>
    </p>
   </div>
   <div class='ocr_carea' id='block_1_8' title="bbox 1818 2967 1847 3277">
    <p class='ocr_par' dir='ltr' id='par_1_16' title="bbox 1818 2967 1847 3277">
     <span class='ocr_line' id='line_1_109' title="bbox 1818 2967 1847 3277; baseline 0 0"><span class='ocrx_word' id='word_1_665' title='bbox 1818 2967 1847 3277; x_wconf 95' lang='lat' dir='ltr'><strong> </strong></span> 
     </span>
    </p>
   </div>
  </div>
 </body>
</html>
