<?xml version="1.0" encoding="UTF-8"?>
<!DOCTYPE html PUBLIC "-//W3C//DTD XHTML 1.0 Transitional//EN"
    "http://www.w3.org/TR/xhtml1/DTD/xhtml1-transitional.dtd">
<html xmlns="http://www.w3.org/1999/xhtml" xml:lang="en" lang="en">
 <head>
  <title>
</title>
<meta http-equiv="Content-Type" content="text/html;charset=utf-8" />
  <meta name='ocr-system' content='tesseract 3.04.00' />
  <meta name='ocr-capabilities' content='ocr_page ocr_carea ocr_par ocr_line ocrx_word'/>
</head>
<body>
  <div class='ocr_page' id='page_1' title='image "./carmina02home_0039.png"; bbox 0 0 1877 3277; ppageno 0'>
   <div class='ocr_carea' id='block_1_1' title="bbox 24 677 29 756">
    <p class='ocr_par' dir='ltr' id='par_1_1' title="bbox 24 677 29 756">
     <span class='ocr_line' id='line_1_1' title="bbox 24 677 29 756; baseline 0 0"><span class='ocrx_word' id='word_1_1' title='bbox 24 677 29 756; x_wconf 70' lang='lat'><em>1</em></span> 
     </span>
    </p>
   </div>
   <div class='ocr_carea' id='block_1_2' title="bbox 619 135 1171 179">
    <p class='ocr_par' dir='ltr' id='par_1_2' title="bbox 619 135 1171 179">
     <span class='ocr_line' id='line_1_2' title="bbox 619 135 1171 179; baseline 0.004 -4"><span class='ocrx_word' id='word_1_2' title='bbox 619 135 1054 176; x_wconf 88' lang='grc' dir='ltr'><em>ΙΛΙΑΔΟΣ</em></span> <span class='ocrx_word' id='word_1_3' title='bbox 1118 139 1171 179; x_wconf 87' lang='lat' dir='ltr'><em>N.</em></span> 
     </span>
    </p>
   </div>
   <div class='ocr_carea' id='block_1_3' title="bbox 1652 144 1726 183">
    <p class='ocr_par' dir='ltr' id='par_1_3' title="bbox 1652 144 1726 183">
     <span class='ocr_line' id='line_1_3' title="bbox 1652 144 1726 183; baseline -0.027 0"><span class='ocrx_word' id='word_1_4' title='bbox 1652 144 1726 183; x_wconf 77' lang='grc'><em>161</em></span> 
     </span>
    </p>
   </div>
   <div class='ocr_carea' id='block_1_4' title="bbox 147 243 1488 541">
    <p class='ocr_par' dir='ltr' id='par_1_4' title="bbox 233 243 1488 414">
     <span class='ocr_line' id='line_1_4' title="bbox 301 243 1488 305; baseline 0.004 -19.073"><span class='ocrx_word' id='word_1_5' title='bbox 301 243 421 287; x_wconf 81' lang='grc' dir='ltr'><em>’Ἐστι</em></span> <span class='ocrx_word' id='word_1_6' title='bbox 451 243 498 287; x_wconf 80' lang='grc' dir='ltr'><em>δέ</em></span> <span class='ocrx_word' id='word_1_7' title='bbox 527 260 568 287; x_wconf 91' lang='grc' dir='ltr'><em>τι</em></span> <span class='ocrx_word' id='word_1_8' title='bbox 597 244 728 295; x_wconf 82' lang='grc' dir='ltr'><strong><em>σπέος</em></strong></span> <span class='ocrx_word' id='word_1_9' title='bbox 759 244 868 296; x_wconf 82' lang='grc' dir='ltr'><em>εὐρυ</em></span> <span class='ocrx_word' id='word_1_10' title='bbox 899 246 1084 301; x_wconf 76' lang='grc' dir='ltr'><strong><em>βαθείης</em></strong></span> <span class='ocrx_word' id='word_1_11' title='bbox 1113 245 1294 300; x_wconf 86' lang='grc' dir='ltr'><em>βένθεσι</em></span> <span class='ocrx_word' id='word_1_12' title='bbox 1323 249 1488 305; x_wconf 80' lang='grc' dir='ltr'><strong><em>λίμνης,</em></strong></span> 
     </span>
     <span class='ocr_line' id='line_1_5' title="bbox 233 299 1359 374; baseline 0.002 -31"><span class='ocrx_word' id='word_1_13' title='bbox 233 299 452 371; x_wconf 74' lang='grc' dir='ltr'><em>μεσσηγυς</em></span> <span class='ocrx_word' id='word_1_14' title='bbox 486 300 688 345; x_wconf 84' lang='grc' dir='ltr'><em>Τενέδοιο</em></span> <span class='ocrx_word' id='word_1_15' title='bbox 719 302 789 344; x_wconf 82' lang='grc' dir='ltr'><em>καὶ</em></span> <span class='ocrx_word' id='word_1_16' title='bbox 813 301 996 357; x_wconf 85' lang='grc' dir='ltr'><em>Ἴμβρου</em></span> <span class='ocrx_word' id='word_1_17' title='bbox 1024 302 1359 374; x_wconf 83' lang='grc' dir='ltr'><em>παιπαλοέσσης,</em></span> 
     </span>
     <span class='ocr_line' id='line_1_6' title="bbox 233 356 1280 427; baseline 0.001 -28"><span class='ocrx_word' id='word_1_18' title='bbox 233 356 332 400; x_wconf 70' lang='grc' dir='ltr'><em>,ξι-θ’</em></span> <span class='ocrx_word' id='word_1_19' title='bbox 362 359 522 407; x_wconf 81' lang='grc' dir='ltr'><em>ἵππους</em></span> <span class='ocrx_word' id='word_1_20' title='bbox 533 357 702 427; x_wconf 70' lang='grc' dir='ltr'><em>ἔστησε</em></span> <span class='ocrx_word' id='word_1_21' title='bbox 733 358 995 401; x_wconf 83' lang='grc' dir='ltr'><em>Ποσειδάων</em></span> <span class='ocrx_word' id='word_1_22' title='bbox 1023 358 1280 426; x_wconf 79' lang='grc' dir='ltr'><em>ἐνοσίχθων,</em></span> 
     </span>
    </p>

    <p class='ocr_par' dir='ltr' id='par_1_5' title="bbox 147 412 1451 527">
     <span class='ocr_line' id='line_1_7' title="bbox 147 412 1451 483; baseline 0.003 -27"><span class='ocrx_word' id='word_1_23' title='bbox 147 418 202 460; x_wconf 87' lang='grc'><em>35</em></span> <span class='ocrx_word' id='word_1_24' title='bbox 232 413 367 464; x_wconf 69' lang='grc' dir='ltr'><em>λύσας</em></span> <span class='ocrx_word' id='word_1_25' title='bbox 401 415 442 466; x_wconf 81' lang='grc' dir='ltr'><em>ἐξ</em></span> <span class='ocrx_word' id='word_1_26' title='bbox 474 412 630 483; x_wconf 81' lang='grc' dir='ltr'><em>ὀχέων,</em></span> <span class='ocrx_word' id='word_1_27' title='bbox 662 414 780 468; x_wconf 69' lang='grc' dir='ltr'><em>παρὰ</em></span> <span class='ocrx_word' id='word_1_28' title='bbox 811 413 855 458; x_wconf 86' lang='grc' dir='ltr'><em>δ’</em></span> <span class='ocrx_word' id='word_1_29' title='bbox 888 413 1136 470; x_wconf 86' lang='grc' dir='ltr'><em>α’μβρόσιον</em></span> <span class='ocrx_word' id='word_1_30' title='bbox 1165 414 1299 469; x_wconf 80' lang='grc' dir='ltr'><em>βάλεν</em></span> <span class='ocrx_word' id='word_1_31' title='bbox 1329 414 1451 471; x_wconf 82' lang='grc' dir='ltr'><em>εἶδαρ</em></span> 
     </span>
     <span class='ocr_line' id='line_1_8' title="bbox 230 468 1347 541; baseline 0 -27"><span class='ocrx_word' id='word_1_32' title='bbox 230 471 427 522; x_wconf 73' lang='grc' dir='ltr'><em>ἔδμεναι·</em></span> <span class='ocrx_word' id='word_1_33' title='bbox 458 468 574 541; x_wconf 69' lang='grc' dir='ltr'><em>ἀμφὶ</em></span> <span class='ocrx_word' id='word_1_34' title='bbox 604 471 650 514; x_wconf 87' lang='lat'><em>63</em></span> <span class='ocrx_word' id='word_1_35' title='bbox 674 472 805 515; x_wconf 90' lang='grc' dir='ltr'><em>ποσσὶ</em></span> <span class='ocrx_word' id='word_1_36' title='bbox 825 473 959 522; x_wconf 83' lang='grc' dir='ltr'><em>πέδας</em></span> <span class='ocrx_word' id='word_1_37' title='bbox 980 472 1107 526; x_wconf 77' lang='grc' dir='ltr'><em>ἔβαλε</em></span> <span class='ocrx_word' id='word_1_38' title='bbox 1131 474 1347 530; x_wconf 80' lang='grc' dir='ltr'><em>χρυσείας,</em></span> 
     </span>
    </p>
   </div>
   <div class='ocr_carea' id='block_1_5' title="bbox 231 526 891 599">
    <p class='ocr_par' dir='ltr' id='par_1_6' title="bbox 231 526 891 599">
     <span class='ocr_line' id='line_1_9' title="bbox 231 526 891 599; baseline 0.002 -29"><span class='ocrx_word' id='word_1_39' title='bbox 231 527 503 594; x_wconf 78' lang='grc' dir='ltr'><em>άῤῥηκτους,</em></span> <span class='ocrx_word' id='word_1_40' title='bbox 534 526 744 579; x_wconf 79' lang='grc' dir='ltr'><em>ἀλύτους,</em></span> <span class='ocrx_word' id='word_1_41' title='bbox 769 527 891 599; x_wconf 79' lang='grc' dir='ltr'><em>ὄφρ’</em></span> 
     </span>
    </p>
   </div>
   <div class='ocr_carea' id='block_1_6' title="bbox 922 529 1455 584">
    <p class='ocr_par' dir='ltr' id='par_1_7' title="bbox 922 529 1455 584">
     <span class='ocr_line' id='line_1_10' title="bbox 922 529 1455 584; baseline 0.004 -14"><span class='ocrx_word' id='word_1_42' title='bbox 922 529 1111 582; x_wconf 69' lang='grc' dir='ltr'><em>ἔμπεδον</em></span> <span class='ocrx_word' id='word_1_43' title='bbox 1142 531 1251 572; x_wconf 87' lang='grc' dir='ltr'><em>αὐθι</em></span> <span class='ocrx_word' id='word_1_44' title='bbox 1280 530 1455 584; x_wconf 84' lang='grc' dir='ltr'><em>μένοιεν</em></span> 
     </span>
    </p>
   </div>
   <div class='ocr_carea' id='block_1_7' title="bbox 142 582 1538 827">
    <p class='ocr_par' dir='ltr' id='par_1_8' title="bbox 142 582 1538 811">
     <span class='ocr_line' id='line_1_11' title="bbox 230 582 1538 655; baseline 0.002 -29"><span class='ocrx_word' id='word_1_45' title='bbox 230 582 448 637; x_wconf 76' lang='grc' dir='ltr'><em>ἰοστήσαν</em></span> <span class='ocrx_word' id='word_1_46' title='bbox 455 601 503 626; x_wconf 86' lang='grc' dir='ltr'><em>τα</em></span> <span class='ocrx_word' id='word_1_47' title='bbox 533 583 723 627; x_wconf 79' lang='grc' dir='ltr'><em>ἄνακτα·</em></span> <span class='ocrx_word' id='word_1_48' title='bbox 758 584 781 627; x_wconf 92' lang='grc' dir='ltr'>ὁ</span> <span class='ocrx_word' id='word_1_49' title='bbox 814 584 856 628; x_wconf 92' lang='grc' dir='ltr'><em>δ’</em></span> <span class='ocrx_word' id='word_1_50' title='bbox 892 584 934 635; x_wconf 84' lang='grc' dir='ltr'><em>ές</em></span> <span class='ocrx_word' id='word_1_51' title='bbox 967 584 1158 638; x_wconf 87' lang='grc' dir='ltr'><em>στρατὸν</em></span> <span class='ocrx_word' id='word_1_52' title='bbox 1188 584 1313 655; x_wconf 75' lang='grc' dir='ltr'><em>ᾤχετ’</em></span> <span class='ocrx_word' id='word_1_53' title='bbox 1344 585 1538 642; x_wconf 75' lang='grc' dir='ltr'><em>Ἀχαιῶν.</em></span> 
     </span>
     <span class='ocr_line' id='line_1_12' title="bbox 313 639 1334 711; baseline 0.003 -29"><span class='ocrx_word' id='word_1_54' title='bbox 313 644 460 694; x_wconf 85' lang='grc' dir='ltr'><em>Τρωες</em></span> <span class='ocrx_word' id='word_1_55' title='bbox 491 640 558 691; x_wconf 84' lang='lat'><em>63,</em></span> <span class='ocrx_word' id='word_1_56' title='bbox 590 641 720 711; x_wconf 80' lang='grc' dir='ltr'><em>φλογὶ</em></span> <span class='ocrx_word' id='word_1_57' title='bbox 753 639 841 685; x_wconf 82' lang='grc' dir='ltr'><em>ἶσοι</em></span> <span class='ocrx_word' id='word_1_58' title='bbox 872 640 1048 692; x_wconf 80' lang='grc' dir='ltr'><em>οἷολλέες</em></span> <span class='ocrx_word' id='word_1_59' title='bbox 1077 640 1125 697; x_wconf 78' lang='grc' dir='ltr'><em>ἠὲ</em></span> <span class='ocrx_word' id='word_1_60' title='bbox 1145 642 1334 711; x_wconf 81' lang='grc' dir='ltr'><em>θυέλλῃ,</em></span> 
     </span>
     <span class='ocr_line' id='line_1_13' title="bbox 142 696 1302 770; baseline 0 -28"><span class='ocrx_word' id='word_1_61' title='bbox 142 701 197 742; x_wconf 89' lang='grc'><em>40</em></span> <span class='ocrx_word' id='word_1_62' title='bbox 215 696 395 750; x_wconf 72' lang='grc' dir='ltr'><em>’Έκτορι</em></span> <span class='ocrx_word' id='word_1_63' title='bbox 427 699 653 769; x_wconf 80' lang='grc' dir='ltr'><em>Πριαμίδη</em></span> <span class='ocrx_word' id='word_1_64' title='bbox 684 697 852 770; x_wconf 82' lang='grc' dir='ltr'><em>άμοτον</em></span> <span class='ocrx_word' id='word_1_65' title='bbox 876 702 1099 768; x_wconf 72' lang='grc' dir='ltr'><em>μεμαῶτες</em></span> <span class='ocrx_word' id='word_1_66' title='bbox 1129 698 1302 750; x_wconf 87' lang='grc' dir='ltr'><em>ε’ποντο,</em></span> 
     </span>
     <span class='ocr_line' id='line_1_14' title="bbox 226 753 1318 827; baseline 0.002 -31"><span class='ocrx_word' id='word_1_67' title='bbox 226 753 442 827; x_wconf 81' lang='grc' dir='ltr'><em>α’βρομοι,</em></span> <span class='ocrx_word' id='word_1_68' title='bbox 475 757 670 824; x_wconf 79' lang='grc' dir='ltr'><em>αυΐαχοι·</em></span> <span class='ocrx_word' id='word_1_69' title='bbox 701 755 884 799; x_wconf 72' lang='grc' dir='ltr'><em>ἔλποντο</em></span> <span class='ocrx_word' id='word_1_70' title='bbox 916 755 961 799; x_wconf 71' lang='grc' dir='ltr'><em>δὲ</em></span> <span class='ocrx_word' id='word_1_71' title='bbox 969 759 1100 825; x_wconf 82' lang='grc' dir='ltr'><em>νῆας</em></span> <span class='ocrx_word' id='word_1_72' title='bbox 1125 754 1318 827; x_wconf 82' lang='grc' dir='ltr'><em>Ἀχαιων</em></span> 
     </span>
    </p>
   </div>
   <div class='ocr_carea' id='block_1_8' title="bbox 227 811 886 868">
    <p class='ocr_par' dir='ltr' id='par_1_9' title="bbox 227 811 886 868">
     <span class='ocr_line' id='line_1_15' title="bbox 227 811 886 868; baseline 0.006 -15"><span class='ocrx_word' id='word_1_73' title='bbox 227 811 448 867; x_wconf 82' lang='grc' dir='ltr'><em>αἱρήσειν,</em></span> <span class='ocrx_word' id='word_1_74' title='bbox 479 812 668 855; x_wconf 83' lang='grc' dir='ltr'><em>κτενέειν</em></span> <span class='ocrx_word' id='word_1_75' title='bbox 698 812 744 856; x_wconf 89' lang='lat'><em>63</em></span> <span class='ocrx_word' id='word_1_76' title='bbox 773 812 886 868; x_wconf 82' lang='grc' dir='ltr'><em>παρ’</em></span> 
     </span>
    </p>
   </div>
   <div class='ocr_carea' id='block_1_9' title="bbox 45 946 868 2802">
    <p class='ocr_par' dir='ltr' id='par_1_10' title="bbox 57 946 868 1167">
     <span class='ocr_line' id='line_1_16' title="bbox 105 946 868 992; baseline 0.001 -10"><span class='ocrx_word' id='word_1_77' title='bbox 105 949 160 982; x_wconf 82' lang='grc'><em>32.</em></span> <span class='ocrx_word' id='word_1_78' title='bbox 209 947 341 981; x_wconf 81' lang='lat' dir='ltr'>numina</span> <span class='ocrx_word' id='word_1_79' title='bbox 370 946 531 980; x_wconf 82' lang='lat' dir='ltr'>coelestia</span> <span class='ocrx_word' id='word_1_80' title='bbox 553 959 672 981; x_wconf 87' lang='lat' dir='ltr'>currus</span> <span class='ocrx_word' id='word_1_81' title='bbox 693 959 868 992; x_wconf 83' lang='lat' dir='ltr'>equosque</span> 
     </span>
     <span class='ocr_line' id='line_1_17' title="bbox 59 993 867 1038; baseline 0 -10"><span class='ocrx_word' id='word_1_82' title='bbox 59 1006 140 1028; x_wconf 78' lang='lat' dir='ltr'>snos</span> <span class='ocrx_word' id='word_1_83' title='bbox 154 995 285 1027; x_wconf 84' lang='lat' dir='ltr'><strong>nebulis</strong></span> <span class='ocrx_word' id='word_1_84' title='bbox 304 993 496 1028; x_wconf 82' lang='lat' dir='ltr'>involvunt.</span> <span class='ocrx_word' id='word_1_85' title='bbox 522 1005 588 1037; x_wconf 89' lang='lat' dir='ltr'><em>quo</em></span> <span class='ocrx_word' id='word_1_86' title='bbox 607 994 787 1038; x_wconf 86' lang='lat' dir='ltr'>adspectui</span> <span class='ocrx_word' id='word_1_87' title='bbox 806 995 867 1029; x_wconf 91' lang='lat' dir='ltr'><em>ho-</em></span> 
     </span>
     <span class='ocr_line' id='line_1_18' title="bbox 58 1039 868 1081; baseline 0 -7"><span class='ocrx_word' id='word_1_88' title='bbox 58 1042 182 1074; x_wconf 88' lang='lat' dir='ltr'>minum</span> <span class='ocrx_word' id='word_1_89' title='bbox 200 1039 442 1073; x_wconf 75' lang='lat' dir='ltr'>subtrahantur</span> <span class='ocrx_word' id='word_1_90' title='bbox 472 1040 522 1081; x_wconf 81' lang='lat' dir='ltr'><em>(v.</em></span> <span class='ocrx_word' id='word_1_91' title='bbox 544 1040 618 1072; x_wconf 85' lang='lat' dir='ltr'>loca</span> <span class='ocrx_word' id='word_1_92' title='bbox 640 1042 736 1073; x_wconf 81' lang='lat' dir='ltr'>modo</span> <span class='ocrx_word' id='word_1_93' title='bbox 761 1041 868 1074; x_wconf 83' lang='lat' dir='ltr'>citata</span> 
     </span>
     <span class='ocr_line' id='line_1_19' title="bbox 58 1085 866 1132; baseline 0 -11"><span class='ocrx_word' id='word_1_94' title='bbox 58 1087 135 1121; x_wconf 82' lang='lat' dir='ltr'><strong>libri</strong></span> <span class='ocrx_word' id='word_1_95' title='bbox 157 1086 227 1130; x_wconf 90' lang='lat'>5.;)</span> <span class='ocrx_word' id='word_1_96' title='bbox 254 1085 438 1130; x_wconf 76' lang='lat' dir='ltr'>Neptunus</span> <span class='ocrx_word' id='word_1_97' title='bbox 468 1091 582 1118; x_wconf 84' lang='lat' dir='ltr'>autem</span> <span class='ocrx_word' id='word_1_98' title='bbox 614 1097 713 1129; x_wconf 84' lang='lat' dir='ltr'>suos,</span> <span class='ocrx_word' id='word_1_99' title='bbox 740 1095 777 1120; x_wconf 85' lang='lat' dir='ltr'><em>ut</em></span> <span class='ocrx_word' id='word_1_100' title='bbox 804 1099 866 1132; x_wconf 84' lang='lat' dir='ltr'><em>par</em></span> 
     </span>
     <span class='ocr_line' id='line_1_20' title="bbox 57 1131 665 1173; baseline -0.005 -7"><span class='ocrx_word' id='word_1_101' title='bbox 57 1138 129 1173; x_wconf 84' lang='lat' dir='ltr'>est,</span> <span class='ocrx_word' id='word_1_102' title='bbox 154 1132 260 1165; x_wconf 88' lang='lat' dir='ltr'>fundo</span> <span class='ocrx_word' id='word_1_103' title='bbox 284 1133 386 1164; x_wconf 84' lang='lat' dir='ltr'>maris</span> <span class='ocrx_word' id='word_1_104' title='bbox 406 1131 596 1164; x_wconf 75' lang='lat' dir='ltr'>abscondit.</span> <span class='ocrx_word' id='word_1_105' title='bbox 622 1132 665 1164; x_wconf 88' lang='lat' dir='ltr'><em>K.</em></span> 
     </span>
    </p>

    <p class='ocr_par' dir='ltr' id='par_1_11' title="bbox 48 1175 866 2188">
     <span class='ocr_line' id='line_1_21' title="bbox 102 1175 865 1218; baseline -0.005 -3"><span class='ocrx_word' id='word_1_106' title='bbox 102 1180 202 1215; x_wconf 87' lang='grc'><em>33-</em></span> <span class='ocrx_word' id='word_1_107' title='bbox 212 1179 267 1212; x_wconf 85' lang='grc'><em>36.</em></span> <span class='ocrx_word' id='word_1_108' title='bbox 311 1177 553 1212; x_wconf 78' lang='grc' dir='ltr'><em>Τενέδοιο.</em></span> <span class='ocrx_word' id='word_1_109' title='bbox 581 1175 628 1218; x_wconf 86' lang='grc' dir='ltr'><em>α’,</em></span> <span class='ocrx_word' id='word_1_110' title='bbox 648 1178 704 1213; x_wconf 89' lang='grc'><em>38.</em></span> <span class='ocrx_word' id='word_1_111' title='bbox 727 1178 771 1212; x_wconf 85' lang='lat' dir='ltr'><em>de</em></span> <span class='ocrx_word' id='word_1_112' title='bbox 796 1180 865 1212; x_wconf 85' lang='lat' dir='ltr'><em>Im-</em></span> 
     </span>
     <span class='ocr_line' id='line_1_22' title="bbox 57 1222 865 1268; baseline 0 -9"><span class='ocrx_word' id='word_1_113' title='bbox 57 1225 116 1259; x_wconf 82' lang='lat' dir='ltr'>bro</span> <span class='ocrx_word' id='word_1_114' title='bbox 140 1224 271 1264; x_wconf 88' lang='lat' dir='ltr'>insula,</span> <span class='ocrx_word' id='word_1_115' title='bbox 305 1235 404 1268; x_wconf 86' lang='lat' dir='ltr'>quam</span> <span class='ocrx_word' id='word_1_116' title='bbox 433 1223 533 1257; x_wconf 86' lang='lat' dir='ltr'>etiam</span> <span class='ocrx_word' id='word_1_117' title='bbox 570 1222 612 1265; x_wconf 82' lang='grc' dir='ltr'><em>ξ’,</em></span> <span class='ocrx_word' id='word_1_118' title='bbox 641 1224 720 1259; x_wconf 84' lang='grc'><strong>281.</strong></span> <span class='ocrx_word' id='word_1_119' title='bbox 754 1231 789 1259; x_wconf 92' lang='lat' dir='ltr'><em>et</em></span> <span class='ocrx_word' id='word_1_120' title='bbox 813 1224 865 1266; x_wconf 88' lang='grc' dir='ltr'><em>ω’,</em></span> 
     </span>
     <span class='ocr_line' id='line_1_23' title="bbox 55 1272 866 1324; baseline 0.005 -23.025"><span class='ocrx_word' id='word_1_121' title='bbox 55 1273 120 1312; x_wconf 85' lang='grc'><em>78,</em></span> <span class='ocrx_word' id='word_1_122' title='bbox 153 1272 230 1306; x_wconf 90' lang='lat'>753.</span> <span class='ocrx_word' id='word_1_123' title='bbox 263 1278 500 1303; x_wconf 86' lang='lat' dir='ltr'>commemorat</span> <span class='ocrx_word' id='word_1_124' title='bbox 537 1273 661 1314; x_wconf 71' lang='grc' dir='ltr'><em>ρυέῑει,</em></span> <span class='ocrx_word' id='word_1_125' title='bbox 702 1276 866 1324; x_wconf 77' lang='lat' dir='ltr'>quaeque</span> 
     </span>
     <span class='ocr_line' id='line_1_24' title="bbox 54 1316 864 1375; baseline 0 -23"><span class='ocrx_word' id='word_1_126' title='bbox 54 1319 197 1360; x_wconf 80' lang='grc' dir='ltr'><em>ἐϋκτιμ</em></span> <span class='ocrx_word' id='word_1_127' title='bbox 187 1317 247 1361; x_wconf 82' lang='grc' dir='ltr'><em>’νη</em></span> <span class='ocrx_word' id='word_1_128' title='bbox 273 1323 417 1349; x_wconf 77' lang='lat' dir='ltr'>vocatur</span> <span class='ocrx_word' id='word_1_129' title='bbox 435 1316 557 1358; x_wconf 86' lang='lat' dir='ltr'><strong>hymno</strong></span> <span class='ocrx_word' id='word_1_130' title='bbox 577 1316 677 1349; x_wconf 89' lang='lat' dir='ltr'>Hom.</span> <span class='ocrx_word' id='word_1_131' title='bbox 701 1316 735 1350; x_wconf 92' lang='lat' dir='ltr'>in</span> <span class='ocrx_word' id='word_1_132' title='bbox 753 1318 864 1375; x_wconf 84' lang='lat' dir='ltr'>Apoll.</span> 
     </span>
     <span class='ocr_line' id='line_1_25' title="bbox 53 1361 866 1408; baseline 0.004 -12"><span class='ocrx_word' id='word_1_133' title='bbox 53 1367 111 1401; x_wconf 87' lang='lat'><em>36.</em></span> <span class='ocrx_word' id='word_1_134' title='bbox 123 1389 134 1405; x_wconf 91' lang='lat'><em>,</em></span> <span class='ocrx_word' id='word_1_135' title='bbox 169 1362 290 1408; x_wconf 88' lang='lat' dir='ltr'>Steph.</span> <span class='ocrx_word' id='word_1_136' title='bbox 325 1363 427 1406; x_wconf 79' lang='grc' dir='ltr'><strong>Β)Ζ.·</strong></span> <span class='ocrx_word' id='word_1_137' title='bbox 461 1362 610 1407; x_wconf 80' lang='grc' dir='ltr'><em>Ἴμβρος</em></span> <span class='ocrx_word' id='word_1_138' title='bbox 644 1361 756 1405; x_wconf 82' lang='grc' dir='ltr'><em>νῆσός</em></span> <span class='ocrx_word' id='word_1_139' title='bbox 791 1362 866 1399; x_wconf 76' lang='grc' dir='ltr'><em>ἐστι</em></span> 
     </span>
     <span class='ocr_line' id='line_1_26' title="bbox 56 1407 864 1457; baseline 0 -13"><span class='ocrx_word' id='word_1_140' title='bbox 56 1410 225 1457; x_wconf 79' lang='grc' dir='ltr'><em>Θράκης,</em></span> <span class='ocrx_word' id='word_1_141' title='bbox 250 1408 330 1452; x_wconf 73' lang='grc' dir='ltr'><em>ἱεροὶ</em></span> <span class='ocrx_word' id='word_1_142' title='bbox 357 1409 544 1454; x_wconf 75' lang='grc' dir='ltr'><em>Καβείρων</em></span> <span class='ocrx_word' id='word_1_143' title='bbox 561 1409 622 1443; x_wconf 79' lang='grc' dir='ltr'><em>καὶ</em></span> <span class='ocrx_word' id='word_1_144' title='bbox 639 1407 792 1451; x_wconf 74' lang='grc' dir='ltr'><em>Ερμοῦ.</em></span> <span class='ocrx_word' id='word_1_145' title='bbox 818 1412 864 1446; x_wconf 91' lang='lat' dir='ltr'><em>cf.</em></span> 
     </span>
     <span class='ocr_line' id='line_1_27' title="bbox 53 1455 863 1510; baseline 0 -18"><span class='ocrx_word' id='word_1_146' title='bbox 53 1459 180 1492; x_wconf 87' lang='lat' dir='ltr'>Cellar.</span> <span class='ocrx_word' id='word_1_147' title='bbox 203 1458 235 1490; x_wconf 89' lang='lat'><em>1.</em></span> <span class='ocrx_word' id='word_1_148' title='bbox 250 1468 286 1510; x_wconf 87' lang='lat' dir='ltr'><em>p.</em></span> <span class='ocrx_word' id='word_1_149' title='bbox 304 1456 402 1488; x_wconf 83' lang='lat'>1331.</span> <span class='ocrx_word' id='word_1_150' title='bbox 427 1456 531 1490; x_wconf 88' lang='lat' dir='ltr'>Sch.·</span> <span class='ocrx_word' id='word_1_151' title='bbox 563 1459 659 1491; x_wconf 82' lang='grc' dir='ltr'><em>Τεν.</em></span> <span class='ocrx_word' id='word_1_152' title='bbox 679 1457 758 1492; x_wconf 82' lang='grc' dir='ltr'><em>καὶ</em></span> <span class='ocrx_word' id='word_1_153' title='bbox 771 1455 863 1498; x_wconf 74' lang='grc' dir='ltr'><em>Ἴ-ιι</em></span> 
     </span>
     <span class='ocr_line' id='line_1_28' title="bbox 52 1505 862 1563; baseline 0.001 -26"><span class='ocrx_word' id='word_1_154' title='bbox 52 1507 182 1563; x_wconf 86' lang='grc' dir='ltr'><em>βρου.</em></span> <span class='ocrx_word' id='word_1_155' title='bbox 216 1505 325 1545; x_wconf 83' lang='grc' dir='ltr'><em>νῆσοι</em></span> <span class='ocrx_word' id='word_1_156' title='bbox 349 1505 504 1545; x_wconf 83' lang='grc' dir='ltr'><em>πλησίον</em></span> <span class='ocrx_word' id='word_1_157' title='bbox 527 1505 662 1542; x_wconf 83' lang='grc' dir='ltr'><em>Τροίας</em></span> <span class='ocrx_word' id='word_1_158' title='bbox 686 1516 862 1547; x_wconf 72' lang='grc' dir='ltr'><em>κειμεναι.</em></span> 
     </span>
     <span class='ocr_line' id='line_1_29' title="bbox 53 1547 863 1595; baseline -0.002 -9"><span class='ocrx_word' id='word_1_159' title='bbox 53 1551 115 1587; x_wconf 83' lang='grc' dir='ltr'><em>καὶ</em></span> <span class='ocrx_word' id='word_1_160' title='bbox 147 1547 170 1595; x_wconf 86' lang='grc' dir='ltr'><strong><em>ἡ</em></strong></span> <span class='ocrx_word' id='word_1_161' title='bbox 201 1551 268 1593; x_wconf 72' lang='grc' dir='ltr'><em>μὲν</em></span> <span class='ocrx_word' id='word_1_162' title='bbox 299 1549 455 1590; x_wconf 57' lang='grc' dir='ltr'><em>Τένεδος</em></span> <span class='ocrx_word' id='word_1_163' title='bbox 482 1554 598 1584; x_wconf 64' lang='grc' dir='ltr'><em>κεῖται</em></span> <span class='ocrx_word' id='word_1_164' title='bbox 632 1548 722 1594; x_wconf 78' lang='grc' dir='ltr'><em>με’σι]</em></span> <span class='ocrx_word' id='word_1_165' title='bbox 751 1552 863 1592; x_wconf 72' lang='grc' dir='ltr'><em>τριῶν</em></span> 
     </span>
     <span class='ocr_line' id='line_1_30' title="bbox 51 1595 863 1654; baseline -0.001 -21"><span class='ocrx_word' id='word_1_166' title='bbox 51 1596 239 1651; x_wconf 81' lang='grc' dir='ltr'><em>πελάγιον,</em></span> <span class='ocrx_word' id='word_1_167' title='bbox 264 1596 440 1639; x_wconf 79' lang='grc' dir='ltr'><em>Αἰγαίου,</em></span> <span class='ocrx_word' id='word_1_168' title='bbox 468 1595 758 1654; x_wconf 63' lang='grc' dir='ltr'><em>Ελλησπόντου,</em></span> <span class='ocrx_word' id='word_1_169' title='bbox 784 1597 863 1632; x_wconf 68' lang='grc' dir='ltr'><em>,Μέ-</em></span> 
     </span>
     <span class='ocr_line' id='line_1_31' title="bbox 52 1641 863 1685; baseline -0.002 -6"><span class='ocrx_word' id='word_1_170' title='bbox 52 1649 161 1685; x_wconf 80' lang='grc' dir='ltr'><em>λανος</em></span> <span class='ocrx_word' id='word_1_171' title='bbox 184 1641 343 1678; x_wconf 82' lang='grc' dir='ltr'><em>κόλπου·</em></span> <span class='ocrx_word' id='word_1_172' title='bbox 381 1643 440 1677; x_wconf 74' lang='grc' dir='ltr'><em>διὸ</em></span> <span class='ocrx_word' id='word_1_173' title='bbox 471 1656 492 1676; x_wconf 75' lang='grc' dir='ltr'><em>ν.</em></span> <span class='ocrx_word' id='word_1_174' title='bbox 498 1644 533 1676; x_wconf 65' lang='grc' dir='ltr'><em>αὶ</em></span> <span class='ocrx_word' id='word_1_175' title='bbox 559 1644 708 1684; x_wconf 83' lang='grc' dir='ltr'><em>τρίοδος</em></span> <span class='ocrx_word' id='word_1_176' title='bbox 730 1642 801 1677; x_wconf 79' lang='lat' dir='ltr'><em>vn&#39;</em></span> <span class='ocrx_word' id='word_1_177' title='bbox 829 1642 863 1679; x_wconf 76' lang='grc' dir='ltr'><em>ἐ-</em></span> 
     </span>
     <span class='ocr_line' id='line_1_32' title="bbox 51 1686 863 1735; baseline 0 -10"><span class='ocrx_word' id='word_1_178' title='bbox 51 1693 141 1726; x_wconf 84' lang='grc' dir='ltr'><em>νίων</em></span> <span class='ocrx_word' id='word_1_179' title='bbox 174 1692 350 1724; x_wconf 77' lang='grc' dir='ltr'><em>καλεῖται.</em></span> <span class='ocrx_word' id='word_1_180' title='bbox 404 1687 428 1733; x_wconf 84' lang='grc' dir='ltr'>ἡ</span> <span class='ocrx_word' id='word_1_181' title='bbox 461 1689 501 1725; x_wconf 84' lang='lat'><em>63</em></span> <span class='ocrx_word' id='word_1_182' title='bbox 528 1686 676 1735; x_wconf 79' lang='grc' dir='ltr'><em>Ἴμβρος</em></span> <span class='ocrx_word' id='word_1_183' title='bbox 699 1690 798 1726; x_wconf 82' lang='grc' dir='ltr'><em>ἐστιν</em></span> <span class='ocrx_word' id='word_1_184' title='bbox 823 1689 863 1726; x_wconf 78' lang='grc' dir='ltr'><em>ἐν</em></span> 
     </span>
     <span class='ocr_line' id='line_1_33' title="bbox 50 1734 863 1789; baseline -0.006 -16"><span class='ocrx_word' id='word_1_185' title='bbox 50 1738 103 1785; x_wconf 80' lang='grc' dir='ltr'><em>τῷ</em></span> <span class='ocrx_word' id='word_1_186' title='bbox 131 1736 275 1772; x_wconf 82' lang='grc' dir='ltr'><em>Μέλανι</em></span> <span class='ocrx_word' id='word_1_187' title='bbox 293 1734 430 1789; x_wconf 75' lang='grc' dir='ltr'><em>κόλπῳ.</em></span> <span class='ocrx_word' id='word_1_188' title='bbox 466 1755 509 1761; x_wconf 94' lang='grc'><strong>-</strong></span> <span class='ocrx_word' id='word_1_189' title='bbox 544 1749 678 1772; x_wconf 84' lang='grc' dir='ltr'><em>παιπ.</em></span> <span class='ocrx_word' id='word_1_190' title='bbox 727 1739 781 1772; x_wconf 90' lang='lat'>17.</span> <span class='ocrx_word' id='word_1_191' title='bbox 817 1757 863 1762; x_wconf 85' lang='lat'><em>-—</em></span> 
     </span>
     <span class='ocr_line' id='line_1_34' title="bbox 52 1774 862 1831; baseline -0.002 -12"><span class='ocrx_word' id='word_1_192' title='bbox 52 1774 188 1831; x_wconf 75' lang='grc' dir='ltr'><em>ἀμβρ.</em></span> <span class='ocrx_word' id='word_1_193' title='bbox 214 1782 367 1825; x_wconf 86' lang='grc' dir='ltr'><em>εἶδαρ.</em></span> <span class='ocrx_word' id='word_1_194' title='bbox 401 1795 440 1824; x_wconf 91' lang='lat'><em>3,</em></span> <span class='ocrx_word' id='word_1_195' title='bbox 466 1783 546 1817; x_wconf 89' lang='lat'>369.</span> <span class='ocrx_word' id='word_1_196' title='bbox 570 1803 616 1807; x_wconf 91' lang='lat'>—</span> <span class='ocrx_word' id='word_1_197' title='bbox 652 1783 749 1816; x_wconf 89' lang='lat' dir='ltr'>Sch.:</span> <span class='ocrx_word' id='word_1_198' title='bbox 777 1782 862 1818; x_wconf 81' lang='grc' dir='ltr'><em>πέ-</em></span> 
     </span>
     <span class='ocr_line' id='line_1_35' title="bbox 51 1827 863 1874; baseline -0.002 -9"><span class='ocrx_word' id='word_1_199' title='bbox 51 1833 149 1871; x_wconf 89' lang='grc' dir='ltr'><em>δας.</em></span> <span class='ocrx_word' id='word_1_200' title='bbox 188 1827 359 1872; x_wconf 77' lang='grc' dir='ltr'><em>δεσμούς.</em></span> <span class='ocrx_word' id='word_1_201' title='bbox 390 1848 435 1853; x_wconf 89' lang='lat'><em>-—</em></span> <span class='ocrx_word' id='word_1_202' title='bbox 469 1840 541 1862; x_wconf 89' lang='lat' dir='ltr'>mos</span> <span class='ocrx_word' id='word_1_203' title='bbox 569 1841 632 1862; x_wconf 90' lang='lat' dir='ltr'><em>nec</em></span> <span class='ocrx_word' id='word_1_204' title='bbox 657 1837 777 1874; x_wconf 84' lang='lat' dir='ltr'>postea</span> <span class='ocrx_word' id='word_1_205' title='bbox 802 1830 863 1863; x_wconf 91' lang='lat' dir='ltr'><em>de-</em></span> 
     </span>
     <span class='ocr_line' id='line_1_36' title="bbox 48 1874 862 1921; baseline -0.004 -10"><span class='ocrx_word' id='word_1_206' title='bbox 48 1884 187 1918; x_wconf 84' lang='lat' dir='ltr'>suetus,</span> <span class='ocrx_word' id='word_1_207' title='bbox 212 1887 310 1921; x_wconf 87' lang='lat' dir='ltr'>quem</span> <span class='ocrx_word' id='word_1_208' title='bbox 335 1881 446 1908; x_wconf 84' lang='lat' dir='ltr'>tamen</span> <span class='ocrx_word' id='word_1_209' title='bbox 474 1874 647 1918; x_wconf 87' lang='lat' dir='ltr'>improbat</span> <span class='ocrx_word' id='word_1_210' title='bbox 671 1876 862 1921; x_wconf 84' lang='lat' dir='ltr'>Xenophon</span> 
     </span>
     <span class='ocr_line' id='line_1_37' title="bbox 51 1921 861 1968; baseline -0.001 -11"><span class='ocrx_word' id='word_1_211' title='bbox 51 1923 180 1968; x_wconf 59' lang='lat' dir='ltr'>erop.</span> <span class='ocrx_word' id='word_1_212' title='bbox 202 1924 243 1964; x_wconf 88' lang='lat'><em>3,</em></span> <span class='ocrx_word' id='word_1_213' title='bbox 267 1924 311 1962; x_wconf 97' lang='lat'><em>3,</em></span> <span class='ocrx_word' id='word_1_214' title='bbox 335 1923 392 1955; x_wconf 92' lang='grc'><em>27.</em></span> <span class='ocrx_word' id='word_1_215' title='bbox 437 1921 480 1953; x_wconf 84' lang='lat' dir='ltr'><em>cf.</em></span> <span class='ocrx_word' id='word_1_216' title='bbox 517 1921 624 1954; x_wconf 87' lang='lat' dir='ltr'>Anab.</span> <span class='ocrx_word' id='word_1_217' title='bbox 652 1922 695 1962; x_wconf 88' lang='lat'><em>3,</em></span> <span class='ocrx_word' id='word_1_218' title='bbox 726 1921 766 1959; x_wconf 85' lang='grc'><em>4,</em></span> <span class='ocrx_word' id='word_1_219' title='bbox 792 1923 861 1962; x_wconf 74' lang='lat'>35..</span> 
     </span>
     <span class='ocr_line' id='line_1_38' title="bbox 49 1967 862 2015; baseline -0.002 -12"><span class='ocrx_word' id='word_1_220' title='bbox 49 1981 117 2015; x_wconf 91' lang='lat' dir='ltr'><em>quo</em></span> <span class='ocrx_word' id='word_1_221' title='bbox 148 1970 222 2003; x_wconf 86' lang='lat' dir='ltr'>loco</span> <span class='ocrx_word' id='word_1_222' title='bbox 254 1967 343 2001; x_wconf 88' lang='lat' dir='ltr'>domi</span> <span class='ocrx_word' id='word_1_223' title='bbox 369 1973 501 2000; x_wconf 84' lang='lat' dir='ltr'>tantum</span> <span class='ocrx_word' id='word_1_224' title='bbox 526 1967 575 1999; x_wconf 86' lang='lat' dir='ltr'><em>ita</em></span> <span class='ocrx_word' id='word_1_225' title='bbox 601 1968 718 2001; x_wconf 80' lang='lat' dir='ltr'>facere</span> <span class='ocrx_word' id='word_1_226' title='bbox 742 1968 862 2001; x_wconf 83' lang='lat' dir='ltr'>solitos</span> 
     </span>
     <span class='ocr_line' id='line_1_39' title="bbox 50 2013 861 2056; baseline -0.002 -7"><span class='ocrx_word' id='word_1_227' title='bbox 50 2027 127 2050; x_wconf 87' lang='lat' dir='ltr'>esse</span> <span class='ocrx_word' id='word_1_228' title='bbox 154 2016 309 2049; x_wconf 89' lang='lat' dir='ltr'>Graecos</span> <span class='ocrx_word' id='word_1_229' title='bbox 330 2019 447 2047; x_wconf 89' lang='lat' dir='ltr'>narrat</span> <span class='ocrx_word' id='word_1_230' title='bbox 467 2013 592 2053; x_wconf 61' lang='lat' dir='ltr'>Schn„</span> <span class='ocrx_word' id='word_1_231' title='bbox 616 2025 683 2047; x_wconf 89' lang='lat' dir='ltr'><em>non</em></span> <span class='ocrx_word' id='word_1_232' title='bbox 705 2014 737 2046; x_wconf 89' lang='lat' dir='ltr'>in</span> <span class='ocrx_word' id='word_1_233' title='bbox 758 2014 861 2056; x_wconf 90' lang='lat' dir='ltr'>bello,</span> 
     </span>
     <span class='ocr_line' id='line_1_40' title="bbox 49 2059 862 2104; baseline -0.004 -8"><span class='ocrx_word' id='word_1_234' title='bbox 49 2068 88 2096; x_wconf 85' lang='lat' dir='ltr'><em>ut.</em></span> <span class='ocrx_word' id='word_1_235' title='bbox 116 2062 251 2095; x_wconf 85' lang='lat' dir='ltr'>Persas.</span> <span class='ocrx_word' id='word_1_236' title='bbox 292 2061 342 2094; x_wconf 89' lang='lat' dir='ltr'><em>sic</em></span> <span class='ocrx_word' id='word_1_237' title='bbox 371 2059 494 2103; x_wconf 81' lang='lat' dir='ltr'>hodieq</span> <span class='ocrx_word' id='word_1_238' title='bbox 500 2071 541 2092; x_wconf 87' lang='lat' dir='ltr'><em>ue</em></span> <span class='ocrx_word' id='word_1_239' title='bbox 565 2059 724 2104; x_wconf 87' lang='lat' dir='ltr'>impediri</span> <span class='ocrx_word' id='word_1_240' title='bbox 750 2061 862 2093; x_wconf 81' lang='lat' dir='ltr'>solent</span> 
     </span>
     <span class='ocr_line' id='line_1_41' title="bbox 50 2102 859 2160; baseline -0.002 -18"><span class='ocrx_word' id='word_1_241' title='bbox 50 2102 130 2153; x_wconf 87' lang='lat' dir='ltr'>equi</span> <span class='ocrx_word' id='word_1_242' title='bbox 148 2113 339 2160; x_wconf 83' lang='lat' dir='ltr'>pascentes.</span> <span class='ocrx_word' id='word_1_243' title='bbox 374 2107 418 2140; x_wconf 91' lang='lat' dir='ltr'><em>de</em></span> <span class='ocrx_word' id='word_1_244' title='bbox 438 2105 554 2138; x_wconf 85' lang='lat' dir='ltr'>vaccis</span> <span class='ocrx_word' id='word_1_245' title='bbox 575 2105 690 2149; x_wconf 82' lang='lat' dir='ltr'>ligatis</span> <span class='ocrx_word' id='word_1_246' title='bbox 709 2106 752 2140; x_wconf 91' lang='lat' dir='ltr'>ad</span> <span class='ocrx_word' id='word_1_247' title='bbox 769 2106 859 2140; x_wconf 90' lang='lat' dir='ltr'>mul-</span> 
     </span>
     <span class='ocr_line' id='line_1_42' title="bbox 51 2152 773 2193; baseline -0.001 -5"><span class='ocrx_word' id='word_1_248' title='bbox 51 2160 157 2188; x_wconf 82' lang='lat' dir='ltr'>ctram</span> <span class='ocrx_word' id='word_1_249' title='bbox 180 2153 348 2188; x_wconf 85' lang='lat' dir='ltr'>stantibus</span> <span class='ocrx_word' id='word_1_250' title='bbox 370 2164 402 2185; x_wconf 84' lang='lat' dir='ltr'><em>v.</em></span> <span class='ocrx_word' id='word_1_251' title='bbox 428 2152 578 2186; x_wconf 84' lang='lat' dir='ltr'>Theocr</span> <span class='ocrx_word' id='word_1_252' title='bbox 600 2153 773 2193; x_wconf 81' lang='lat'>25‚103.</span> 
     </span>
    </p>

    <p class='ocr_par' dir='ltr' id='par_1_12' title="bbox 45 2196 858 2801">
     <span class='ocr_line' id='line_1_43' title="bbox 93 2196 858 2244; baseline -0.004 -9"><span class='ocrx_word' id='word_1_253' title='bbox 93 2199 272 2235; x_wconf 76' lang='lat'>40—42.</span> <span class='ocrx_word' id='word_1_254' title='bbox 330 2198 471 2244; x_wconf 84' lang='grc' dir='ltr'><em>φλογὶ</em></span> <span class='ocrx_word' id='word_1_255' title='bbox 500 2217 537 2222; x_wconf 91' lang='lat'><em>——</em></span> <span class='ocrx_word' id='word_1_256' title='bbox 569 2196 683 2233; x_wconf 82' lang='grc' dir='ltr'><em>ἶσοι.</em></span> <span class='ocrx_word' id='word_1_257' title='bbox 732 2198 858 2233; x_wconf 81' lang='lat' dir='ltr'>fortius</span> 
     </span>
     <span class='ocr_line' id='line_1_44' title="bbox 49 2245 857 2300; baseline -0.001 -21"><span class='ocrx_word' id='word_1_258' title='bbox 49 2245 234 2281; x_wconf 79' lang='lat' dir='ltr'>Germani.</span> <span class='ocrx_word' id='word_1_259' title='bbox 262 2247 402 2300; x_wconf 83' lang='lat' dir='ltr'>feurig.</span> <span class='ocrx_word' id='word_1_260' title='bbox 448 2245 492 2278; x_wconf 89' lang='lat' dir='ltr'><em>cf.</em></span> <span class='ocrx_word' id='word_1_261' title='bbox 525 2246 588 2285; x_wconf 91' lang='lat'><em>53,</em></span> <span class='ocrx_word' id='word_1_262' title='bbox 622 2247 692 2281; x_wconf 84' lang='lat'><em>330</em></span> <span class='ocrx_word' id='word_1_263' title='bbox 717 2251 781 2279; x_wconf 88' lang='lat' dir='ltr'>etc.</span> <span class='ocrx_word' id='word_1_264' title='bbox 811 2265 857 2270; x_wconf 83' lang='lat'><em>—-</em></span> 
     </span>
     <span class='ocr_line' id='line_1_45' title="bbox 49 2288 855 2349; baseline -0.002 -21"><span class='ocrx_word' id='word_1_265' title='bbox 49 2289 344 2349; x_wconf 38' lang='grc' dir='ltr'><em>ἆμυοτονμεμ.</em></span> <span class='ocrx_word' id='word_1_266' title='bbox 371 2289 416 2333; x_wconf 81' lang='grc' dir='ltr'><em>δ’,</em></span> <span class='ocrx_word' id='word_1_267' title='bbox 441 2292 521 2326; x_wconf 82' lang='grc'><strong>440.</strong></span> <span class='ocrx_word' id='word_1_268' title='bbox 548 2291 648 2325; x_wconf 88' lang='lat' dir='ltr'>Sch.:</span> <span class='ocrx_word' id='word_1_269' title='bbox 674 2288 744 2334; x_wconf 76' lang='grc' dir='ltr'><em>ἄμ.</em></span> <span class='ocrx_word' id='word_1_270' title='bbox 772 2288 855 2326; x_wconf 75' lang='grc' dir='ltr'><em>ἀντὶ</em></span> 
     </span>
     <span class='ocr_line' id='line_1_46' title="bbox 46 2335 858 2384; baseline -0.002 -11"><span class='ocrx_word' id='word_1_271' title='bbox 46 2340 116 2374; x_wconf 79' lang='grc' dir='ltr'><em>τοῦ</em></span> <span class='ocrx_word' id='word_1_272' title='bbox 149 2336 295 2384; x_wconf 77' lang='grc' dir='ltr'><em>ἆμότως</em></span> <span class='ocrx_word' id='word_1_273' title='bbox 324 2353 357 2374; x_wconf 84' lang='grc' dir='ltr'><em>κ.</em></span> <span class='ocrx_word' id='word_1_274' title='bbox 393 2335 631 2382; x_wconf 76' lang='grc' dir='ltr'><em>ἀπληρώτους.</em></span> <span class='ocrx_word' id='word_1_275' title='bbox 664 2338 737 2381; x_wconf 89' lang='lat' dir='ltr'>(cf.</span> <span class='ocrx_word' id='word_1_276' title='bbox 774 2339 858 2381; x_wconf 83' lang='lat'>80.)</span> 
     </span>
     <span class='ocr_line' id='line_1_47' title="bbox 47 2383 857 2444; baseline -0.006 -22"><span class='ocrx_word' id='word_1_277' title='bbox 47 2384 286 2444; x_wconf 78' lang='grc' dir='ltr'><em>ἄβρομοι,</em></span> <span class='ocrx_word' id='word_1_278' title='bbox 312 2383 537 2429; x_wconf 83' lang='grc' dir='ltr'><em>αυΐαχοι.</em></span> <span class='ocrx_word' id='word_1_279' title='bbox 575 2384 699 2427; x_wconf 89' lang='lat' dir='ltr'>(semel</span> <span class='ocrx_word' id='word_1_280' title='bbox 730 2384 857 2443; x_wconf 87' lang='lat' dir='ltr'>dicta.)</span> 
     </span>
     <span class='ocr_line' id='line_1_48' title="bbox 47 2428 857 2477; baseline -0.001 -10"><span class='ocrx_word' id='word_1_281' title='bbox 47 2430 130 2467; x_wconf 71' lang='grc' dir='ltr'><em>ἀντὶ</em></span> <span class='ocrx_word' id='word_1_282' title='bbox 154 2433 223 2469; x_wconf 79' lang='grc' dir='ltr'><em>τοῦ</em></span> <span class='ocrx_word' id='word_1_283' title='bbox 247 2431 477 2477; x_wconf 82' lang='grc' dir='ltr'><em>πολύβρομοι</em></span> <span class='ocrx_word' id='word_1_284' title='bbox 500 2444 531 2465; x_wconf 84' lang='grc' dir='ltr'><em>κ.</em></span> <span class='ocrx_word' id='word_1_285' title='bbox 556 2428 857 2474; x_wconf 60' lang='lat' dir='ltr'>achivum-3210?-</span> 
     </span>
     <span class='ocr_line' id='line_1_49' title="bbox 46 2476 855 2524; baseline -0.004 -9"><span class='ocrx_word' id='word_1_286' title='bbox 46 2490 151 2515; x_wconf 83' lang='grc' dir='ltr'><em>στοτε</em></span> <span class='ocrx_word' id='word_1_287' title='bbox 188 2479 426 2524; x_wconf 77' lang='grc' dir='ltr'><em>θορυβώδεις</em></span> <span class='ocrx_word' id='word_1_288' title='bbox 458 2476 547 2517; x_wconf 78' lang='grc' dir='ltr'><em>τούς</em></span> <span class='ocrx_word' id='word_1_289' title='bbox 584 2478 715 2520; x_wconf 73' lang='grc' dir='ltr'><em>Τρῶας</em></span> <span class='ocrx_word' id='word_1_290' title='bbox 747 2479 855 2520; x_wconf 85' lang='grc' dir='ltr'><em>παρί-</em></span> 
     </span>
     <span class='ocr_line' id='line_1_50' title="bbox 46 2525 856 2571; baseline -0.004 -11"><span class='ocrx_word' id='word_1_291' title='bbox 46 2537 162 2571; x_wconf 84' lang='grc' dir='ltr'><em>στησι.</em></span> <span class='ocrx_word' id='word_1_292' title='bbox 187 2527 318 2570; x_wconf 87' lang='lat' dir='ltr'>(recte·</span> <span class='ocrx_word' id='word_1_293' title='bbox 345 2538 379 2559; x_wconf 89' lang='lat' dir='ltr'><em>v.</em></span> <span class='ocrx_word' id='word_1_294' title='bbox 399 2536 478 2559; x_wconf 89' lang='lat' dir='ltr'>ann.</span> <span class='ocrx_word' id='word_1_295' title='bbox 500 2525 582 2568; x_wconf 79' lang='lat' dir='ltr'>ady</span> <span class='ocrx_word' id='word_1_296' title='bbox 596 2526 659 2565; x_wconf 67' lang='lat'><em>,2</em></span> <span class='ocrx_word' id='word_1_297' title='bbox 685 2525 748 2569; x_wconf 84' lang='lat' dir='ltr'><em>Ap.</em></span> <span class='ocrx_word' id='word_1_298' title='bbox 772 2535 856 2568; x_wconf 89' lang='lat' dir='ltr'>quo-</span> 
     </span>
     <span class='ocr_line' id='line_1_51' title="bbox 46 2570 855 2616; baseline -0.004 -10"><span class='ocrx_word' id='word_1_299' title='bbox 46 2583 132 2616; x_wconf 84' lang='lat' dir='ltr'>que,</span> <span class='ocrx_word' id='word_1_300' title='bbox 156 2572 254 2606; x_wconf 88' lang='lat' dir='ltr'>iratis</span> <span class='ocrx_word' id='word_1_301' title='bbox 275 2571 469 2605; x_wconf 84' lang='lat' dir='ltr'>Buttmanni</span> <span class='ocrx_word' id='word_1_302' title='bbox 497 2571 624 2613; x_wconf 73' lang='lat' dir='ltr'>(Lexil.</span> <span class='ocrx_word' id='word_1_303' title='bbox 646 2570 673 2604; x_wconf 93' lang='lat' dir='ltr'><em>I.</em></span> <span class='ocrx_word' id='word_1_304' title='bbox 700 2581 733 2615; x_wconf 92' lang='lat' dir='ltr'>p.</span> <span class='ocrx_word' id='word_1_305' title='bbox 759 2571 855 2611; x_wconf 89' lang='grc'>167)</span> 
     </span>
     <span class='ocr_line' id='line_1_52' title="bbox 45 2600 854 2675; baseline -0.005 -23"><span class='ocrx_word' id='word_1_306' title='bbox 45 2600 227 2660; x_wconf 81' lang='lat' dir='ltr'>Manibus,</span> <span class='ocrx_word' id='word_1_307' title='bbox 250 2619 309 2675; x_wconf 92' lang='lat' dir='ltr'>qui</span> <span class='ocrx_word' id='word_1_308' title='bbox 331 2618 421 2652; x_wconf 77' lang='lat' dir='ltr'>tollit</span> <span class='ocrx_word' id='word_1_309' title='bbox 443 2631 467 2651; x_wconf 88' lang='grc' dir='ltr'><em>α</em></span> <span class='ocrx_word' id='word_1_310' title='bbox 489 2617 716 2650; x_wconf 51' lang='lat' dir='ltr'>intensis-:nm</span> <span class='ocrx_word' id='word_1_311' title='bbox 745 2613 854 2661; x_wconf 72' lang='grc' dir='ltr'><em>ἄβρο-</em></span> 
     </span>
     <span class='ocr_line' id='line_1_53' title="bbox 45 2661 855 2721; baseline -0.002 -22"><span class='ocrx_word' id='word_1_312' title='bbox 45 2675 131 2707; x_wconf 89' lang='grc' dir='ltr'><em>μοι,</em></span> <span class='ocrx_word' id='word_1_313' title='bbox 157 2665 193 2699; x_wconf 79' lang='lat'><em>02</em></span> <span class='ocrx_word' id='word_1_314' title='bbox 216 2676 284 2700; x_wconf 89' lang='grc' dir='ltr'><em>συν</em></span> <span class='ocrx_word' id='word_1_315' title='bbox 307 2662 448 2721; x_wconf 77' lang='grc' dir='ltr'><em>βρόμῳ</em></span> <span class='ocrx_word' id='word_1_316' title='bbox 459 2665 593 2709; x_wconf 79' lang='grc' dir='ltr'><em>πολλῷ.</em></span> <span class='ocrx_word' id='word_1_317' title='bbox 641 2661 855 2718; x_wconf 82' lang='grc' dir='ltr'><em>ἄβρομοι</em></span> 
     </span>
     <span class='ocr_line' id='line_1_54' title="bbox 45 2707 854 2756; baseline -0.005 -10"><span class='ocrx_word' id='word_1_318' title='bbox 45 2728 89 2735; x_wconf 91' lang='grc'><strong>-</strong></span> <span class='ocrx_word' id='word_1_319' title='bbox 114 2711 198 2756; x_wconf 60' lang='lat' dir='ltr'><em>Aio</em></span> <span class='ocrx_word' id='word_1_320' title='bbox 208 2709 356 2756; x_wconf 82' lang='grc' dir='ltr'><em>ήσειν.</em></span> <span class='ocrx_word' id='word_1_321' title='bbox 401 2709 565 2754; x_wconf 78' lang='grc' dir='ltr'><em>αὐΐαχοι.</em></span> <span class='ocrx_word' id='word_1_322' title='bbox 622 2708 713 2752; x_wconf 78' lang='grc' dir='ltr'><em>μετὰ</em></span> <span class='ocrx_word' id='word_1_323' title='bbox 743 2707 854 2753; x_wconf 77' lang='grc' dir='ltr'><em>μεγά-</em></span> 
     </span>
     <span class='ocr_line' id='line_1_55' title="bbox 45 2755 851 2802; baseline -0.005 -10"><span class='ocrx_word' id='word_1_324' title='bbox 45 2757 108 2800; x_wconf 80' lang='grc' dir='ltr'><em>λης</em></span> <span class='ocrx_word' id='word_1_325' title='bbox 142 2757 261 2802; x_wconf 80' lang='grc' dir='ltr'><em>ἰαχῆς.</em></span> <span class='ocrx_word' id='word_1_326' title='bbox 319 2757 420 2792; x_wconf 88' lang='lat' dir='ltr'>aliter</span> <span class='ocrx_word' id='word_1_327' title='bbox 456 2756 667 2801; x_wconf 70' lang='lat' dir='ltr'>Porphyrius</span> <span class='ocrx_word' id='word_1_328' title='bbox 705 2755 851 2795; x_wconf 82' lang='lat' dir='ltr'>Quaest.</span> 
     </span>
    </p>
   </div>
   <div class='ocr_carea' id='block_1_10' title="bbox 0 2799 854 2860">
    <p class='ocr_par' dir='ltr' id='par_1_13' title="bbox 0 2799 854 2860">
     <span class='ocr_line' id='line_1_56' title="bbox 0 2799 854 2860; baseline 0.001 -25"><span class='ocrx_word' id='word_1_329' title='bbox 0 2842 1 2848; x_wconf 12' lang='grc' dir='ltr'>ἵ</span> <span class='ocrx_word' id='word_1_330' title='bbox 46 2802 144 2836; x_wconf 87' lang='lat' dir='ltr'>Hom.</span> <span class='ocrx_word' id='word_1_331' title='bbox 169 2805 245 2840; x_wconf 75' lang='grc'><strong>26.;</strong></span> <span class='ocrx_word' id='word_1_332' title='bbox 283 2805 393 2850; x_wconf 81' lang='grc' dir='ltr'><em>δηλοῖ</em></span> <span class='ocrx_word' id='word_1_333' title='bbox 414 2802 507 2860; x_wconf 78' lang='grc' dir='ltr'><em>γὰρ,</em></span> <span class='ocrx_word' id='word_1_334' title='bbox 534 2802 646 2859; x_wconf 83' lang='grc' dir='ltr'><em>φασὶ,</em></span> <span class='ocrx_word' id='word_1_335' title='bbox 673 2799 715 2836; x_wconf 80' lang='grc' dir='ltr'><em>τό</em></span> <span class='ocrx_word' id='word_1_336' title='bbox 743 2814 767 2836; x_wconf 86' lang='grc' dir='ltr'><em>α</em></span> <span class='ocrx_word' id='word_1_337' title='bbox 791 2802 854 2837; x_wconf 83' lang='grc' dir='ltr'><em>καὶ</em></span> 
     </span>
    </p>
   </div>
   <div class='ocr_carea' id='block_1_11' title="bbox 43 2844 854 3034">
    <p class='ocr_par' dir='ltr' id='par_1_14' title="bbox 43 2844 854 3034">
     <span class='ocr_line' id='line_1_57' title="bbox 45 2844 854 2903; baseline -0.001 -20"><span class='ocrx_word' id='word_1_338' title='bbox 45 2844 152 2903; x_wconf 76' lang='grc' dir='ltr'><em>ὁμοῦ.</em></span> <span class='ocrx_word' id='word_1_339' title='bbox 176 2869 218 2876; x_wconf 92' lang='grc'>-</span> <span class='ocrx_word' id='word_1_340' title='bbox 252 2850 313 2886; x_wconf 77' lang='grc' dir='ltr'><em>καὶ</em></span> <span class='ocrx_word' id='word_1_341' title='bbox 344 2851 447 2891; x_wconf 85' lang='lat' dir='ltr'>(fort.</span> <span class='ocrx_word' id='word_1_342' title='bbox 473 2848 542 2893; x_wconf 78' lang='grc' dir='ltr'><em>ὥς)</em></span> <span class='ocrx_word' id='word_1_343' title='bbox 567 2846 747 2894; x_wconf 77' lang='grc' dir='ltr'><em>ἄβρομοι,</em></span> <span class='ocrx_word' id='word_1_344' title='bbox 774 2845 854 2892; x_wconf 78' lang='grc' dir='ltr'><em>ἅμα</em></span> 
     </span>
     <span class='ocr_line' id='line_1_58' title="bbox 44 2892 853 2950; baseline 0.001 -21"><span class='ocrx_word' id='word_1_345' title='bbox 44 2892 197 2940; x_wconf 81' lang='grc' dir='ltr'><em>βρόμῳ,</em></span> <span class='ocrx_word' id='word_1_346' title='bbox 225 2897 286 2933; x_wconf 75' lang='grc' dir='ltr'><em>καὶ</em></span> <span class='ocrx_word' id='word_1_347' title='bbox 311 2895 485 2942; x_wconf 79' lang='grc' dir='ltr'><em>αὐΐαχοι,</em></span> <span class='ocrx_word' id='word_1_348' title='bbox 517 2894 596 2940; x_wconf 82' lang='grc' dir='ltr'><em>ἅμα</em></span> <span class='ocrx_word' id='word_1_349' title='bbox 622 2896 721 2950; x_wconf 84' lang='grc' dir='ltr'><em>ἰαχῇ.</em></span> <span class='ocrx_word' id='word_1_350' title='bbox 754 2906 788 2929; x_wconf 75' lang='grc' dir='ltr'><em>ν.</em></span> <span class='ocrx_word' id='word_1_351' title='bbox 809 2893 853 2937; x_wconf 87' lang='grc' dir='ltr'><em>λ’,</em></span> 
     </span>
     <span class='ocr_line' id='line_1_59' title="bbox 46 2931 854 2998; baseline -0.001 -22"><span class='ocrx_word' id='word_1_352' title='bbox 46 2941 122 2976; x_wconf 89' lang='grc'><strong>155.</strong></span> <span class='ocrx_word' id='word_1_353' title='bbox 155 2941 312 2978; x_wconf 84' lang='lat' dir='ltr'>audiendi</span> <span class='ocrx_word' id='word_1_354' title='bbox 343 2956 411 2978; x_wconf 91' lang='lat' dir='ltr'><em>non</em></span> <span class='ocrx_word' id='word_1_355' title='bbox 441 2947 542 2985; x_wconf 84' lang='lat' dir='ltr'>sunt,</span> <span class='ocrx_word' id='word_1_356' title='bbox 557 2941 637 2998; x_wconf 86' lang='lat' dir='ltr'>qui</span> <span class='ocrx_word' id='word_1_357' title='bbox 670 2931 854 2985; x_wconf 79' lang='grc' dir='ltr'><em>άῦὶάχους</em></span> 
     </span>
     <span class='ocr_line' id='line_1_60' title="bbox 43 2986 852 3034; baseline 0.002 -14"><span class='ocrx_word' id='word_1_358' title='bbox 43 2987 120 3028; x_wconf 67' lang='grc'><strong>1,.1.</strong></span> <span class='ocrx_word' id='word_1_359' title='bbox 152 2986 421 3034; x_wconf 80' lang='lat' dir='ltr'>interpretantur</span> <span class='ocrx_word' id='word_1_360' title='bbox 441 3003 531 3031; x_wconf 84' lang='grc' dir='ltr'><em>τους</em></span> <span class='ocrx_word' id='word_1_361' title='bbox 551 2986 640 3024; x_wconf 76' lang='grc' dir='ltr'><em>ἄνευ</em></span> <span class='ocrx_word' id='word_1_362' title='bbox 663 2989 788 3033; x_wconf 81' lang='grc' dir='ltr'><em>ἰαχῆς,</em></span> <span class='ocrx_word' id='word_1_363' title='bbox 814 2993 852 3022; x_wconf 86' lang='lat' dir='ltr'><em>ut</em></span> 
     </span>
    </p>
   </div>
   <div class='ocr_carea' id='block_1_12' title="bbox 89 3045 302 3084">
    <p class='ocr_par' dir='ltr' id='par_1_15' title="bbox 89 3045 302 3084">
     <span class='ocr_line' id='line_1_61' title="bbox 89 3045 302 3084; baseline 0.015 -5"><span class='ocrx_word' id='word_1_364' title='bbox 89 3045 233 3080; x_wconf 74' lang='grc' dir='ltr'><em>Ηοιιιιιι.</em></span> <span class='ocrx_word' id='word_1_365' title='bbox 258 3046 302 3084; x_wconf 87' lang='lat'><em>11.</em></span> 
     </span>
    </p>
   </div>
   <div class='ocr_carea' id='block_1_13' title="bbox 922 810 1520 870">
    <p class='ocr_par' dir='ltr' id='par_1_16' title="bbox 922 810 1520 870">
     <span class='ocr_line' id='line_1_62' title="bbox 922 810 1520 870; baseline -0.002 -15"><span class='ocrx_word' id='word_1_366' title='bbox 922 810 1085 869; x_wconf 80' lang='grc' dir='ltr'><em>αὐτόφι</em></span> <span class='ocrx_word' id='word_1_367' title='bbox 1114 812 1280 865; x_wconf 84' lang='grc' dir='ltr'><em>πάντας</em></span> <span class='ocrx_word' id='word_1_368' title='bbox 1308 810 1520 870; x_wconf 82' lang='grc' dir='ltr'><em>Ἀχαιούς.</em></span> 
     </span>
    </p>
   </div>
   <div class='ocr_carea' id='block_1_14' title="bbox 898 946 1728 3033">
    <p class='ocr_par' dir='ltr' id='par_1_17' title="bbox 907 946 1728 1875">
     <span class='ocr_line' id='line_1_63' title="bbox 915 946 1728 991; baseline -0.004 -9"><span class='ocrx_word' id='word_1_369' title='bbox 915 947 1065 989; x_wconf 77' lang='lat' dir='ltr'>Quintus</span> <span class='ocrx_word' id='word_1_370' title='bbox 1097 949 1164 991; x_wconf 88' lang='lat'><em>13,</em></span> <span class='ocrx_word' id='word_1_371' title='bbox 1187 951 1244 984; x_wconf 90' lang='lat'><em>70.</em></span> <span class='ocrx_word' id='word_1_372' title='bbox 1268 949 1312 982; x_wconf 91' lang='lat' dir='ltr'><em>de</em></span> <span class='ocrx_word' id='word_1_373' title='bbox 1333 947 1482 982; x_wconf 85' lang='lat' dir='ltr'>Graecis</span> <span class='ocrx_word' id='word_1_374' title='bbox 1504 950 1608 980; x_wconf 83' lang='lat' dir='ltr'>noctu</span> <span class='ocrx_word' id='word_1_375' title='bbox 1635 946 1728 980; x_wconf 92' lang='lat' dir='ltr'>Tro-</span> 
     </span>
     <span class='ocr_line' id='line_1_64' title="bbox 909 992 1728 1040; baseline -0.004 -12"><span class='ocrx_word' id='word_1_376' title='bbox 909 995 979 1038; x_wconf 84' lang='lat' dir='ltr'>jam</span> <span class='ocrx_word' id='word_1_377' title='bbox 1020 995 1320 1039; x_wconf 84' lang='lat' dir='ltr'>proficiscentibus</span> <span class='ocrx_word' id='word_1_378' title='bbox 1355 1007 1418 1040; x_wconf 85' lang='lat' dir='ltr'><em>per</em></span> <span class='ocrx_word' id='word_1_379' title='bbox 1451 992 1646 1027; x_wconf 85' lang='lat' dir='ltr'>silentium:</span> <span class='ocrx_word' id='word_1_380' title='bbox 1678 1006 1728 1032; x_wconf 82' lang='grc' dir='ltr'><em>ως</em></span> 
     </span>
     <span class='ocr_line' id='line_1_65' title="bbox 915 1039 1726 1085; baseline -0.002 -10"><span class='ocrx_word' id='word_1_381' title='bbox 915 1039 990 1084; x_wconf 82' lang='grc' dir='ltr'><em>οῖ”γ</em></span> <span class='ocrx_word' id='word_1_382' title='bbox 1018 1043 1166 1085; x_wconf 80' lang='grc' dir='ltr'><em>ανιάχοι</em></span> <span class='ocrx_word' id='word_1_383' title='bbox 1192 1042 1256 1084; x_wconf 88' lang='lat' dir='ltr'>[sic</span> <span class='ocrx_word' id='word_1_384' title='bbox 1282 1042 1373 1074; x_wconf 80' lang='lat' dir='ltr'>il&#39;ius</span> <span class='ocrx_word' id='word_1_385' title='bbox 1397 1040 1514 1080; x_wconf 89' lang='lat' dir='ltr'>codd,</span> <span class='ocrx_word' id='word_1_386' title='bbox 1542 1039 1590 1072; x_wconf 87' lang='lat' dir='ltr'>uti</span> <span class='ocrx_word' id='word_1_387' title='bbox 1619 1043 1653 1071; x_wconf 87' lang='lat' dir='ltr'><em>et</em></span> <span class='ocrx_word' id='word_1_388' title='bbox 1672 1039 1726 1073; x_wconf 87' lang='lat' dir='ltr'><em>hic</em></span> 
     </span>
     <span class='ocr_line' id='line_1_66' title="bbox 913 1083 1726 1144; baseline 0 -24"><span class='ocrx_word' id='word_1_389' title='bbox 913 1087 1006 1121; x_wconf 68' lang='lat' dir='ltr'>moni</span> <span class='ocrx_word' id='word_1_390' title='bbox 1029 1087 1106 1121; x_wconf 83' lang='lat' dir='ltr'><em>MS.</em></span> <span class='ocrx_word' id='word_1_391' title='bbox 1120 1089 1132 1131; x_wconf 95' lang='lat'>]</span> <span class='ocrx_word' id='word_1_392' title='bbox 1174 1086 1315 1144; x_wconf 74' lang='grc' dir='ltr'><em>Τρώων</em></span> <span class='ocrx_word' id='word_1_393' title='bbox 1337 1087 1424 1122; x_wconf 85' lang='grc' dir='ltr'><em>ποτὶ</em></span> <span class='ocrx_word' id='word_1_394' title='bbox 1449 1083 1542 1121; x_wconf 78' lang='grc' dir='ltr'><em>ἄστυ</em></span> <span class='ocrx_word' id='word_1_395' title='bbox 1566 1084 1726 1128; x_wconf 80' lang='grc' dir='ltr'><em>νέοντο.)</em></span> 
     </span>
     <span class='ocr_line' id='line_1_67' title="bbox 911 1130 1727 1175; baseline -0.001 -9"><span class='ocrx_word' id='word_1_396' title='bbox 911 1153 955 1156; x_wconf 89' lang='lat'>—</span> <span class='ocrx_word' id='word_1_397' title='bbox 981 1134 1201 1175; x_wconf 76' lang='grc' dir='ltr'><em>Ῡρύσιππος</em></span> <span class='ocrx_word' id='word_1_398' title='bbox 1226 1132 1264 1168; x_wconf 76' lang='lat'><em>63</em></span> <span class='ocrx_word' id='word_1_399' title='bbox 1292 1131 1311 1169; x_wconf 83' lang='grc' dir='ltr'>ὁ</span> <span class='ocrx_word' id='word_1_400' title='bbox 1339 1131 1508 1172; x_wconf 85' lang='grc' dir='ltr'><em>Στωϊκὸς</em></span> <span class='ocrx_word' id='word_1_401' title='bbox 1529 1145 1561 1166; x_wconf 78' lang='grc' dir='ltr'><strong>κ</strong></span> <span class='ocrx_word' id='word_1_402' title='bbox 1587 1130 1727 1166; x_wconf 80' lang='grc' dir='ltr'><em>Διονύ-</em></span> 
     </span>
     <span class='ocr_line' id='line_1_68' title="bbox 912 1174 1726 1226; baseline 0 -13"><span class='ocrx_word' id='word_1_403' title='bbox 912 1191 990 1218; x_wconf 85' lang='grc' dir='ltr'><em>σιος</em></span> <span class='ocrx_word' id='word_1_404' title='bbox 1015 1178 1034 1214; x_wconf 82' lang='grc' dir='ltr'>ὁ</span> <span class='ocrx_word' id='word_1_405' title='bbox 1063 1181 1167 1226; x_wconf 73' lang='grc' dir='ltr'><em>Θρᾷξ</em></span> <span class='ocrx_word' id='word_1_406' title='bbox 1190 1183 1301 1224; x_wconf 63' lang='grc' dir='ltr'><em>’φιλοῖ</em></span> <span class='ocrx_word' id='word_1_407' title='bbox 1322 1180 1362 1215; x_wconf 74' lang='lat' dir='ltr'><em>vd</em></span> <span class='ocrx_word' id='word_1_408' title='bbox 1392 1181 1515 1224; x_wconf 77' lang='grc' dir='ltr'><em>ἰαχοι,</em></span> <span class='ocrx_word' id='word_1_409' title='bbox 1539 1174 1595 1213; x_wconf 82' lang='grc' dir='ltr'><em>ἱ”ν</em></span> <span class='ocrx_word' id='word_1_410' title='bbox 1624 1174 1648 1223; x_wconf 88' lang='grc' dir='ltr'><em>ῄ</em></span> <span class='ocrx_word' id='word_1_411' title='bbox 1663 1179 1726 1222; x_wconf 79' lang='grc' dir='ltr'><em>ξη-</em></span> 
     </span>
     <span class='ocr_line' id='line_1_69' title="bbox 913 1224 1725 1271; baseline -0.002 -11"><span class='ocrx_word' id='word_1_412' title='bbox 913 1224 1092 1269; x_wconf 75' lang='grc' dir='ltr'><em>ρόφιυνοι.</em></span> <span class='ocrx_word' id='word_1_413' title='bbox 1137 1235 1191 1260; x_wconf 82' lang='lat' dir='ltr'><em>est</em></span> <span class='ocrx_word' id='word_1_414' title='bbox 1222 1227 1340 1271; x_wconf 92' lang='lat' dir='ltr'>procul</span> <span class='ocrx_word' id='word_1_415' title='bbox 1372 1226 1478 1259; x_wconf 89' lang='lat' dir='ltr'>dubio</span> <span class='ocrx_word' id='word_1_416' title='bbox 1508 1224 1725 1258; x_wconf 87' lang='lat' dir='ltr'>scribendum</span> 
     </span>
     <span class='ocr_line' id='line_1_70' title="bbox 911 1268 1726 1325; baseline -0.001 -19"><span class='ocrx_word' id='word_1_417' title='bbox 911 1275 1019 1315; x_wconf 67' lang='grc' dir='ltr'><em>’φιλοῖ</em></span> <span class='ocrx_word' id='word_1_418' title='bbox 1041 1273 1082 1309; x_wconf 85' lang='grc' dir='ltr'>τὸ</span> <span class='ocrx_word' id='word_1_419' title='bbox 1106 1287 1270 1325; x_wconf 84' lang='grc' dir='ltr'><em>αυιαχοι.</em></span> <span class='ocrx_word' id='word_1_420' title='bbox 1320 1273 1522 1317; x_wconf 84' lang='lat' dir='ltr'>cogitabant</span> <span class='ocrx_word' id='word_1_421' title='bbox 1539 1270 1588 1304; x_wconf 83' lang='lat' dir='ltr'>illi</span> <span class='ocrx_word' id='word_1_422' title='bbox 1614 1268 1726 1305; x_wconf 78' lang='grc' dir='ltr'><em>αὐΐα-</em></span> 
     </span>
     <span class='ocr_line' id='line_1_71' title="bbox 909 1316 1726 1375; baseline -0.002 -21"><span class='ocrx_word' id='word_1_423' title='bbox 909 1333 996 1375; x_wconf 83' lang='grc' dir='ltr'><em>χοι,</em></span> <span class='ocrx_word' id='word_1_424' title='bbox 1016 1322 1058 1353; x_wconf 78' lang='lat' dir='ltr'>ab</span> <span class='ocrx_word' id='word_1_425' title='bbox 1069 1328 1198 1375; x_wconf 85' lang='grc' dir='ltr'><em>αυος,</em></span> <span class='ocrx_word' id='word_1_426' title='bbox 1223 1321 1341 1353; x_wconf 80' lang='lat' dir='ltr'>siccus.</span> <span class='ocrx_word' id='word_1_427' title='bbox 1376 1333 1425 1363; x_wconf 88' lang='grc' dir='ltr'><em>μ,</em></span> <span class='ocrx_word' id='word_1_428' title='bbox 1453 1320 1538 1352; x_wconf 87' lang='lat'>160:</span> <span class='ocrx_word' id='word_1_429' title='bbox 1563 1316 1726 1360; x_wconf 83' lang='grc' dir='ltr'><em>κόρυθες</em></span> 
     </span>
     <span class='ocr_line' id='line_1_72' title="bbox 911 1361 1724 1409; baseline -0.001 -10"><span class='ocrx_word' id='word_1_430' title='bbox 911 1364 950 1399; x_wconf 87' lang='lat'><em>6’</em></span> <span class='ocrx_word' id='word_1_431' title='bbox 976 1361 1078 1409; x_wconf 78' lang='grc' dir='ltr'><em>ἄμφ’</em></span> <span class='ocrx_word' id='word_1_432' title='bbox 1103 1372 1198 1402; x_wconf 71' lang='grc' dir='ltr'><em>ανον</em></span> <span class='ocrx_word' id='word_1_433' title='bbox 1231 1379 1368 1400; x_wconf 77' lang='grc' dir='ltr'><em>αυτευν</em></span> <span class='ocrx_word' id='word_1_434' title='bbox 1396 1362 1626 1406; x_wconf 80' lang='grc' dir='ltr'><em>Βαλλόμεναι</em></span> <span class='ocrx_word' id='word_1_435' title='bbox 1657 1377 1724 1407; x_wconf 89' lang='grc' dir='ltr'><em>μν-</em></span> 
     </span>
     <span class='ocr_line' id='line_1_73' title="bbox 910 1409 1723 1447; baseline -0.003 -1"><span class='ocrx_word' id='word_1_436' title='bbox 910 1412 1067 1447; x_wconf 78' lang='grc' dir='ltr'><em>λάκεσσι.</em></span> <span class='ocrx_word' id='word_1_437' title='bbox 1132 1414 1160 1446; x_wconf 87' lang='grc' dir='ltr'><strong>Α</strong></span> <span class='ocrx_word' id='word_1_438' title='bbox 1200 1418 1311 1446; x_wconf 84' lang='lat' dir='ltr'>tamen</span> <span class='ocrx_word' id='word_1_439' title='bbox 1347 1412 1464 1445; x_wconf 92' lang='lat' dir='ltr'>Schol.</span> <span class='ocrx_word' id='word_1_440' title='bbox 1499 1410 1542 1443; x_wconf 86' lang='lat' dir='ltr'><em>de</em></span> <span class='ocrx_word' id='word_1_441' title='bbox 1581 1409 1723 1444; x_wconf 84' lang='lat' dir='ltr'>iisdem:</span> 
     </span>
     <span class='ocr_line' id='line_1_74' title="bbox 910 1451 1724 1502; baseline -0.008 -9"><span class='ocrx_word' id='word_1_442' title='bbox 910 1459 1114 1493; x_wconf 77' lang='grc' dir='ltr'><em>δασύνουσι</em></span> <span class='ocrx_word' id='word_1_443' title='bbox 1137 1472 1179 1493; x_wconf 84' lang='grc' dir='ltr'><em>το</em></span> <span class='ocrx_word' id='word_1_444' title='bbox 1207 1460 1305 1502; x_wconf 78' lang='grc' dir='ltr'><em>ιάχοι</em></span> <span class='ocrx_word' id='word_1_445' title='bbox 1323 1457 1516 1501; x_wconf 74' lang='grc' dir='ltr'><em>[αυιαχοι]</em></span> <span class='ocrx_word' id='word_1_446' title='bbox 1542 1453 1594 1489; x_wconf 77' lang='grc' dir='ltr'><em>ιν’</em></span> <span class='ocrx_word' id='word_1_447' title='bbox 1617 1451 1641 1501; x_wconf 81' lang='grc' dir='ltr'><em>ᾗ</em></span> <span class='ocrx_word' id='word_1_448' title='bbox 1663 1458 1724 1499; x_wconf 80' lang='grc' dir='ltr'><em>ξη-</em></span> 
     </span>
     <span class='ocr_line' id='line_1_75' title="bbox 909 1499 1723 1550; baseline -0.005 -10"><span class='ocrx_word' id='word_1_449' title='bbox 909 1506 1102 1547; x_wconf 81' lang='grc' dir='ltr'><em>ρὸφωνοι.</em></span> <span class='ocrx_word' id='word_1_450' title='bbox 1138 1506 1235 1550; x_wconf 89' lang='lat' dir='ltr'>quasi</span> <span class='ocrx_word' id='word_1_451' title='bbox 1263 1517 1328 1538; x_wconf 85' lang='lat' dir='ltr'><em>scr</em></span> <span class='ocrx_word' id='word_1_452' title='bbox 1322 1516 1372 1548; x_wconf 74' lang='lat' dir='ltr'><em>.sp</em></span> <span class='ocrx_word' id='word_1_453' title='bbox 1378 1505 1467 1538; x_wconf 88' lang='lat' dir='ltr'>erint</span> <span class='ocrx_word' id='word_1_454' title='bbox 1494 1499 1647 1546; x_wconf 71' lang='grc' dir='ltr'><em>αὐΐαχοι</em></span> <span class='ocrx_word' id='word_1_455' title='bbox 1679 1504 1723 1536; x_wconf 88' lang='lat' dir='ltr'>ab</span> 
     </span>
     <span class='ocr_line' id='line_1_76' title="bbox 910 1548 1723 1607; baseline -0.005 -21"><span class='ocrx_word' id='word_1_456' title='bbox 910 1553 1026 1586; x_wconf 77' lang='lat' dir='ltr'>Attico</span> <span class='ocrx_word' id='word_1_457' title='bbox 1060 1548 1165 1593; x_wconf 78' lang='grc' dir='ltr'><em>αὖος.</em></span> <span class='ocrx_word' id='word_1_458' title='bbox 1213 1560 1292 1586; x_wconf 79' lang='lat' dir='ltr'>utut</span> <span class='ocrx_word' id='word_1_459' title='bbox 1328 1552 1396 1584; x_wconf 87' lang='lat' dir='ltr'>hoc</span> <span class='ocrx_word' id='word_1_460' title='bbox 1436 1555 1527 1607; x_wconf 41' lang='lat' dir='ltr'>estu,</span> <span class='ocrx_word' id='word_1_461' title='bbox 1545 1555 1723 1594; x_wconf 84' lang='lat' dir='ltr'>praestare</span> 
     </span>
     <span class='ocr_line' id='line_1_77' title="bbox 909 1593 1723 1641; baseline -0.002 -10"><span class='ocrx_word' id='word_1_462' title='bbox 909 1598 1048 1632; x_wconf 78' lang='lat' dir='ltr'>videtur</span> <span class='ocrx_word' id='word_1_463' title='bbox 1072 1600 1204 1633; x_wconf 78' lang='lat' dir='ltr'>illorum</span> <span class='ocrx_word' id='word_1_464' title='bbox 1234 1598 1343 1638; x_wconf 74' lang='lat' dir='ltr'>ratio,</span> <span class='ocrx_word' id='word_1_465' title='bbox 1370 1597 1427 1641; x_wconf 90' lang='lat' dir='ltr'>qui</span> <span class='ocrx_word' id='word_1_466' title='bbox 1454 1593 1629 1640; x_wconf 77' lang='grc' dir='ltr'><em>αὐΐαχοι,</em></span> <span class='ocrx_word' id='word_1_467' title='bbox 1665 1595 1723 1629; x_wconf 88' lang='lat' dir='ltr'><em>di-</em></span> 
     </span>
     <span class='ocr_line' id='line_1_78' title="bbox 909 1642 1721 1690; baseline -0.004 -13"><span class='ocrx_word' id='word_1_468' title='bbox 909 1650 1080 1690; x_wconf 82' lang='lat' dir='ltr'>gammate</span> <span class='ocrx_word' id='word_1_469' title='bbox 1122 1644 1294 1685; x_wconf 84' lang='grc' dir='ltr'><em>ῑιιιιιιῐ55ο,</em></span> <span class='ocrx_word' id='word_1_470' title='bbox 1337 1642 1465 1676; x_wconf 87' lang='lat' dir='ltr'>dictum</span> <span class='ocrx_word' id='word_1_471' title='bbox 1500 1648 1623 1687; x_wconf 86' lang='lat' dir='ltr'>putant</span> <span class='ocrx_word' id='word_1_472' title='bbox 1658 1653 1721 1687; x_wconf 88' lang='lat' dir='ltr'>pro</span> 
     </span>
     <span class='ocr_line' id='line_1_79' title="bbox 910 1688 1722 1735; baseline -0.005 -10"><span class='ocrx_word' id='word_1_473' title='bbox 910 1692 1059 1735; x_wconf 66' lang='grc' dir='ltr'><em>αἵαχοι,</em></span> <span class='ocrx_word' id='word_1_474' title='bbox 1084 1691 1175 1735; x_wconf 91' lang='lat' dir='ltr'>quod</span> <span class='ocrx_word' id='word_1_475' title='bbox 1209 1697 1245 1724; x_wconf 87' lang='lat' dir='ltr'><em>et</em></span> <span class='ocrx_word' id='word_1_476' title='bbox 1272 1691 1382 1735; x_wconf 89' lang='lat' dir='ltr'>ipsum</span> <span class='ocrx_word' id='word_1_477' title='bbox 1412 1688 1498 1722; x_wconf 82' lang='lat' dir='ltr'>ferri</span> <span class='ocrx_word' id='word_1_478' title='bbox 1526 1694 1659 1733; x_wconf 85' lang='lat' dir='ltr'>posset,</span> <span class='ocrx_word' id='word_1_479' title='bbox 1684 1695 1722 1721; x_wconf 90' lang='lat' dir='ltr'><em>ut</em></span> 
     </span>
     <span class='ocr_line' id='line_1_80' title="bbox 909 1734 1722 1780; baseline -0.006 -9"><span class='ocrx_word' id='word_1_480' title='bbox 909 1736 1033 1780; x_wconf 74' lang='grc' dir='ltr'><em>ἄϊςδρι</em></span> <span class='ocrx_word' id='word_1_481' title='bbox 1043 1763 1053 1776; x_wconf 85' lang='grc'><em>,</em></span> <span class='ocrx_word' id='word_1_482' title='bbox 1079 1738 1255 1778; x_wconf 73' lang='grc' dir='ltr'><em>ἀΐδηλος,</em></span> <span class='ocrx_word' id='word_1_483' title='bbox 1292 1741 1328 1769; x_wconf 87' lang='lat' dir='ltr'><em>et.</em></span> <span class='ocrx_word' id='word_1_484' title='bbox 1354 1735 1542 1779; x_wconf 75' lang='lat' dir='ltr'>ponendum</span> <span class='ocrx_word' id='word_1_485' title='bbox 1572 1734 1722 1767; x_wconf 80' lang='lat' dir='ltr'>fortasse</span> 
     </span>
     <span class='ocr_line' id='line_1_81' title="bbox 908 1779 1720 1826; baseline -0.005 -10"><span class='ocrx_word' id='word_1_486' title='bbox 908 1785 1086 1818; x_wconf 87' lang='lat' dir='ltr'>videretur</span> <span class='ocrx_word' id='word_1_487' title='bbox 1110 1783 1242 1819; x_wconf 87' lang='lat' dir='ltr'>Bastio</span> <span class='ocrx_word' id='word_1_488' title='bbox 1267 1783 1295 1815; x_wconf 88' lang='lat' dir='ltr'><em>si</em></span> <span class='ocrx_word' id='word_1_489' title='bbox 1314 1782 1462 1820; x_wconf 69' lang='lat' dir='ltr'>xiveret,</span> <span class='ocrx_word' id='word_1_490' title='bbox 1488 1780 1546 1826; x_wconf 88' lang='lat' dir='ltr'>qui</span> <span class='ocrx_word' id='word_1_491' title='bbox 1567 1779 1617 1813; x_wconf 86' lang='lat' dir='ltr'><em>ita</em></span> <span class='ocrx_word' id='word_1_492' title='bbox 1635 1779 1720 1813; x_wconf 87' lang='lat' dir='ltr'>scri-</span> 
     </span>
     <span class='ocr_line' id='line_1_82' title="bbox 907 1827 1644 1875; baseline -0.001 -13"><span class='ocrx_word' id='word_1_493' title='bbox 907 1831 969 1863; x_wconf 83' lang='lat' dir='ltr'>bat</span> <span class='ocrx_word' id='word_1_494' title='bbox 992 1830 1188 1875; x_wconf 77' lang='lat' dir='ltr'>Appendice</span> <span class='ocrx_word' id='word_1_495' title='bbox 1206 1827 1389 1873; x_wconf 83' lang='lat' dir='ltr'>Epistolae</span> <span class='ocrx_word' id='word_1_496' title='bbox 1410 1828 1488 1860; x_wconf 86' lang='lat' dir='ltr'>crit.</span> <span class='ocrx_word' id='word_1_497' title='bbox 1516 1838 1549 1871; x_wconf 95' lang='lat' dir='ltr'><em>p.</em></span> <span class='ocrx_word' id='word_1_498' title='bbox 1568 1828 1644 1861; x_wconf 72' lang='grc' dir='ltr'><em>2οΛ</em></span> 
     </span>
    </p>

    <p class='ocr_par' dir='ltr' id='par_1_18' title="bbox 898 1874 1722 3033">
     <span class='ocr_line' id='line_1_83' title="bbox 907 1874 1721 1919; baseline -0.007 -9"><span class='ocrx_word' id='word_1_499' title='bbox 907 1878 942 1910; x_wconf 88' lang='lat' dir='ltr'>in</span> <span class='ocrx_word' id='word_1_500' title='bbox 973 1876 1070 1910; x_wconf 82' lang='lat' dir='ltr'>libris</span> <span class='ocrx_word' id='word_1_501' title='bbox 1097 1876 1202 1909; x_wconf 85' lang='lat' dir='ltr'>MSS.</span> <span class='ocrx_word' id='word_1_502' title='bbox 1225 1875 1350 1919; x_wconf 87' lang='lat' dir='ltr'>passim</span> <span class='ocrx_word' id='word_1_503' title='bbox 1375 1874 1518 1907; x_wconf 84' lang='lat' dir='ltr'>caudam</span> <span class='ocrx_word' id='word_1_504' title='bbox 1541 1876 1610 1905; x_wconf 87' lang='lat' dir='ltr'>tam</span> <span class='ocrx_word' id='word_1_505' title='bbox 1634 1883 1721 1917; x_wconf 87' lang='lat' dir='ltr'>pro-</span> 
     </span>
     <span class='ocr_line' id='line_1_84' title="bbox 907 1918 1722 1963; baseline -0.005 -7"><span class='ocrx_word' id='word_1_506' title='bbox 907 1923 1009 1956; x_wconf 81' lang='lat' dir='ltr'>lixam</span> <span class='ocrx_word' id='word_1_507' title='bbox 1040 1922 1168 1962; x_wconf 86' lang='lat' dir='ltr'>trahit,</span> <span class='ocrx_word' id='word_1_508' title='bbox 1192 1926 1231 1954; x_wconf 82' lang='lat' dir='ltr'><em>ut</em></span> <span class='ocrx_word' id='word_1_509' title='bbox 1259 1932 1325 1954; x_wconf 91' lang='lat' dir='ltr'><em>non</em></span> <span class='ocrx_word' id='word_1_510' title='bbox 1356 1932 1402 1961; x_wconf 86' lang='grc' dir='ltr'><em>α,</em></span> <span class='ocrx_word' id='word_1_511' title='bbox 1437 1919 1500 1953; x_wconf 90' lang='lat' dir='ltr'><em>sed</em></span> <span class='ocrx_word' id='word_1_512' title='bbox 1528 1931 1575 1952; x_wconf 90' lang='grc' dir='ltr'><em>αυ</em></span> <span class='ocrx_word' id='word_1_513' title='bbox 1604 1918 1722 1963; x_wconf 82' lang='lat' dir='ltr'>legere</span> 
     </span>
     <span class='ocr_line' id='line_1_85' title="bbox 906 1945 1720 2010; baseline -0.006 -8"><span class='ocrx_word' id='word_1_514' title='bbox 906 1969 971 2002; x_wconf 85' lang='lat' dir='ltr'>tibi</span> <span class='ocrx_word' id='word_1_515' title='bbox 989 1968 1164 2008; x_wconf 77' lang='lat' dir='ltr'>videaris,</span> <span class='ocrx_word' id='word_1_516' title='bbox 1169 1969 1193 1986; x_wconf 91' lang='lat'><strong>“</strong></span> <span class='ocrx_word' id='word_1_517' title='bbox 1219 1978 1294 2000; x_wconf 91' lang='lat' dir='ltr'>cum</span> <span class='ocrx_word' id='word_1_518' title='bbox 1322 1945 1522 2010; x_wconf 56' lang='lat' dir='ltr'>prae’sertim</span> <span class='ocrx_word' id='word_1_519' title='bbox 1542 1966 1628 1998; x_wconf 84' lang='lat' dir='ltr'>haec</span> <span class='ocrx_word' id='word_1_520' title='bbox 1651 1976 1720 1998; x_wconf 85' lang='lat' dir='ltr'><em>vox</em></span> 
     </span>
     <span class='ocr_line' id='line_1_86' title="bbox 906 2012 1720 2058; baseline -0.006 -10"><span class='ocrx_word' id='word_1_521' title='bbox 906 2016 952 2048; x_wconf 88' lang='lat' dir='ltr'><em>sit</em></span> <span class='ocrx_word' id='word_1_522' title='bbox 969 2012 1070 2057; x_wconf 74' lang='grc' dir='ltr'><em>ἅπαξ</em></span> <span class='ocrx_word' id='word_1_523' title='bbox 1095 2012 1280 2058; x_wconf 78' lang='grc' dir='ltr'><em>εἰρημένη.</em></span> <span class='ocrx_word' id='word_1_524' title='bbox 1313 2013 1375 2046; x_wconf 89' lang='lat' dir='ltr'><em>sed</em></span> <span class='ocrx_word' id='word_1_525' title='bbox 1397 2012 1480 2045; x_wconf 83' lang='lat' dir='ltr'>nihil</span> <span class='ocrx_word' id='word_1_526' title='bbox 1499 2018 1628 2044; x_wconf 87' lang='lat' dir='ltr'>temere</span> <span class='ocrx_word' id='word_1_527' title='bbox 1647 2021 1720 2044; x_wconf 90' lang='lat' dir='ltr'><em>mu-</em></span> 
     </span>
     <span class='ocr_line' id='line_1_87' title="bbox 906 2056 1719 2103; baseline -0.005 -9"><span class='ocrx_word' id='word_1_528' title='bbox 906 2062 1062 2094; x_wconf 82' lang='lat' dir='ltr'>taverim.</span> <span class='ocrx_word' id='word_1_529' title='bbox 1110 2073 1143 2094; x_wconf 84' lang='lat' dir='ltr'><em>v.</em></span> <span class='ocrx_word' id='word_1_530' title='bbox 1170 2061 1224 2099; x_wconf 89' lang='lat' dir='ltr'><em>H,</em></span> <span class='ocrx_word' id='word_1_531' title='bbox 1250 2059 1321 2093; x_wconf 85' lang='lat' dir='ltr'><em>Th.</em></span> <span class='ocrx_word' id='word_1_532' title='bbox 1346 2070 1379 2103; x_wconf 83' lang='lat' dir='ltr'><em>p.</em></span> <span class='ocrx_word' id='word_1_533' title='bbox 1398 2060 1499 2099; x_wconf 90' lang='grc'><em>202,</em></span> <span class='ocrx_word' id='word_1_534' title='bbox 1532 2057 1651 2091; x_wconf 84' lang='lat' dir='ltr'>Valck.</span> <span class='ocrx_word' id='word_1_535' title='bbox 1676 2056 1719 2090; x_wconf 88' lang='lat' dir='ltr'>ad</span> 
     </span>
     <span class='ocr_line' id='line_1_88' title="bbox 906 2103 1717 2161; baseline -0.006 -20"><span class='ocrx_word' id='word_1_536' title='bbox 906 2107 1086 2141; x_wconf 86' lang='lat' dir='ltr'>Theocriti</span> <span class='ocrx_word' id='word_1_537' title='bbox 1117 2106 1305 2146; x_wconf 84' lang='lat' dir='ltr'>Adoniaz.‚</span> <span class='ocrx_word' id='word_1_538' title='bbox 1331 2105 1511 2148; x_wconf 84' lang='lat' dir='ltr'>Musgrav.</span> <span class='ocrx_word' id='word_1_539' title='bbox 1538 2103 1582 2137; x_wconf 88' lang='lat' dir='ltr'>ad</span> <span class='ocrx_word' id='word_1_540' title='bbox 1607 2103 1717 2161; x_wconf 87' lang='lat' dir='ltr'>Soph.</span> 
     </span>
     <span class='ocr_line' id='line_1_89' title="bbox 904 2147 1716 2197; baseline -0.006 -10"><span class='ocrx_word' id='word_1_541' title='bbox 904 2154 1001 2197; x_wconf 86' lang='lat' dir='ltr'>Ajac.</span> <span class='ocrx_word' id='word_1_542' title='bbox 1030 2155 1138 2196; x_wconf 89' lang='grc'><em>1126,</em></span> <span class='ocrx_word' id='word_1_543' title='bbox 1173 2152 1304 2186; x_wconf 87' lang='lat' dir='ltr'>Trach.</span> <span class='ocrx_word' id='word_1_544' title='bbox 1334 2151 1402 2186; x_wconf 76' lang='lat'><em>104</em></span> <span class='ocrx_word' id='word_1_545' title='bbox 1428 2157 1495 2184; x_wconf 86' lang='lat' dir='ltr'>etc.</span> <span class='ocrx_word' id='word_1_546' title='bbox 1527 2170 1572 2174; x_wconf 97' lang='lat'><strong>—</strong></span> <span class='ocrx_word' id='word_1_547' title='bbox 1608 2147 1716 2191; x_wconf 83' lang='grc' dir='ltr'><em>παρ’</em></span> 
     </span>
     <span class='ocr_line' id='line_1_90' title="bbox 905 2195 1719 2242; baseline -0.006 -9"><span class='ocrx_word' id='word_1_548' title='bbox 905 2199 1100 2242; x_wconf 79' lang='grc' dir='ltr'><em>αὐτόφι.</em></span> <span class='ocrx_word' id='word_1_549' title='bbox 1149 2198 1242 2241; x_wconf 82' lang='grc' dir='ltr'><em>παρ’</em></span> <span class='ocrx_word' id='word_1_550' title='bbox 1268 2195 1418 2237; x_wconf 70' lang='grc' dir='ltr'><em>αὐτοῖς,</em></span> <span class='ocrx_word' id='word_1_551' title='bbox 1448 2196 1594 2237; x_wconf 85' lang='grc' dir='ltr'><em>Τρωσὶ,</em></span> <span class='ocrx_word' id='word_1_552' title='bbox 1625 2196 1719 2239; x_wconf 78' lang='lat' dir='ltr'><em>apud</em></span> 
     </span>
     <span class='ocr_line' id='line_1_91' title="bbox 904 2238 1719 2290; baseline -0.005 -10"><span class='ocrx_word' id='word_1_553' title='bbox 904 2247 1015 2290; x_wconf 77' lang='lat' dir='ltr'>ipsos,</span> <span class='ocrx_word' id='word_1_554' title='bbox 1042 2246 1232 2289; x_wconf 74' lang='lat' dir='ltr'>&#39;l&#39;rojanos‚</span> <span class='ocrx_word' id='word_1_555' title='bbox 1256 2244 1312 2277; x_wconf 75' lang='lat' dir='ltr'><em>vel</em></span> <span class='ocrx_word' id='word_1_556' title='bbox 1334 2240 1426 2285; x_wconf 82' lang='grc' dir='ltr'><em>παρ’</em></span> <span class='ocrx_word' id='word_1_557' title='bbox 1456 2241 1571 2288; x_wconf 72' lang='grc' dir='ltr'><em>αὕτῷ,</em></span> <span class='ocrx_word' id='word_1_558' title='bbox 1585 2238 1719 2277; x_wconf 78' lang='grc' dir='ltr'><em>Ἑκτο-</em></span> 
     </span>
     <span class='ocr_line' id='line_1_92' title="bbox 903 2290 1718 2337; baseline -0.005 -11"><span class='ocrx_word' id='word_1_559' title='bbox 903 2306 950 2336; x_wconf 90' lang='grc' dir='ltr'><em>ρι,</em></span> <span class='ocrx_word' id='word_1_560' title='bbox 972 2293 1205 2337; x_wconf 83' lang='lat' dir='ltr'>apudillum,</span> <span class='ocrx_word' id='word_1_561' title='bbox 1228 2291 1432 2330; x_wconf 81' lang='lat' dir='ltr'>Hectorem,</span> <span class='ocrx_word' id='word_1_562' title='bbox 1454 2290 1639 2323; x_wconf 85' lang='lat' dir='ltr'>Hectorem</span> <span class='ocrx_word' id='word_1_563' title='bbox 1655 2300 1718 2333; x_wconf 85' lang='lat' dir='ltr'><em>ag·</em></span> 
     </span>
     <span class='ocr_line' id='line_1_93' title="bbox 905 2340 1717 2391; baseline -0.006 -18"><span class='ocrx_word' id='word_1_564' title='bbox 905 2351 1063 2384; x_wconf 79' lang='lat' dir='ltr'>gressos·</span> <span class='ocrx_word' id='word_1_565' title='bbox 1053 2363 1063 2380; x_wconf 89' lang='lat'><em>,</em></span> <span class='ocrx_word' id='word_1_566' title='bbox 1083 2349 1148 2384; x_wconf 91' lang='lat' dir='ltr'><em>quo</em></span> <span class='ocrx_word' id='word_1_567' title='bbox 1163 2348 1264 2371; x_wconf 88' lang='lat' dir='ltr'>sensu</span> <span class='ocrx_word' id='word_1_568' title='bbox 1277 2347 1514 2390; x_wconf 87' lang='lat' dir='ltr'>nonnunquam</span> <span class='ocrx_word' id='word_1_569' title='bbox 1531 2340 1717 2391; x_wconf 86' lang='lat' dir='ltr'>usurpatur</span> 
     </span>
     <span class='ocr_line' id='line_1_94' title="bbox 903 2376 1717 2429; baseline -0.006 -9"><span class='ocrx_word' id='word_1_570' title='bbox 903 2385 1020 2427; x_wconf 86' lang='grc' dir='ltr'><em>παρά.</em></span> <span class='ocrx_word' id='word_1_571' title='bbox 1038 2385 1145 2429; x_wconf 91' lang='lat' dir='ltr'>Soph.</span> <span class='ocrx_word' id='word_1_572' title='bbox 1162 2383 1253 2418; x_wconf 91' lang='lat' dir='ltr'>Oed.</span> <span class='ocrx_word' id='word_1_573' title='bbox 1266 2382 1342 2416; x_wconf 82' lang='lat' dir='ltr'>Col.</span> <span class='ocrx_word' id='word_1_574' title='bbox 1358 2383 1458 2418; x_wconf 89' lang='grc'><strong>858.</strong></span> <span class='ocrx_word' id='word_1_575' title='bbox 1485 2378 1585 2426; x_wconf 77' lang='grc' dir='ltr'><em>ἄγεις</em></span> <span class='ocrx_word' id='word_1_576' title='bbox 1608 2378 1668 2422; x_wconf 87' lang='grc' dir='ltr'><em>θ’,</em></span> <span class='ocrx_word' id='word_1_577' title='bbox 1692 2376 1717 2415; x_wconf 83' lang='grc' dir='ltr'><em>οὶ</em></span> 
     </span>
     <span class='ocr_line' id='line_1_95' title="bbox 902 2426 1717 2485; baseline -0.009 -17"><span class='ocrx_word' id='word_1_578' title='bbox 902 2433 1062 2477; x_wconf 77' lang='grc' dir='ltr'><em>χρῃζεις,</em></span> <span class='ocrx_word' id='word_1_579' title='bbox 1086 2430 1147 2465; x_wconf 83' lang='grc' dir='ltr'><em>καὶ</em></span> <span class='ocrx_word' id='word_1_580' title='bbox 1170 2431 1397 2485; x_wconf 80' lang='grc' dir='ltr'><em>παρίστασαι</em></span> <span class='ocrx_word' id='word_1_581' title='bbox 1420 2428 1504 2474; x_wconf 79' lang='grc' dir='ltr'><em>βίᾳ,</em></span> <span class='ocrx_word' id='word_1_582' title='bbox 1531 2433 1566 2462; x_wconf 87' lang='lat' dir='ltr'><em>et</em></span> <span class='ocrx_word' id='word_1_583' title='bbox 1588 2426 1717 2461; x_wconf 88' lang='lat' dir='ltr'>ibidem</span> 
     </span>
     <span class='ocr_line' id='line_1_96' title="bbox 902 2471 1715 2517; baseline -0.01 -2"><span class='ocrx_word' id='word_1_584' title='bbox 902 2480 1004 2515; x_wconf 66' lang='lat'>934·</span> <span class='ocrx_word' id='word_1_585' title='bbox 1042 2478 1080 2513; x_wconf 81' lang='grc' dir='ltr'><em>εἴ</em></span> <span class='ocrx_word' id='word_1_586' title='bbox 1106 2490 1160 2517; x_wconf 80' lang='grc' dir='ltr'><em>τις</em></span> <span class='ocrx_word' id='word_1_587' title='bbox 1193 2475 1254 2517; x_wconf 74' lang='grc' dir='ltr'><em>σὲ,</em></span> <span class='ocrx_word' id='word_1_588' title='bbox 1289 2474 1368 2510; x_wconf 84' lang='grc' dir='ltr'><em>τὸν</em></span> <span class='ocrx_word' id='word_1_589' title='bbox 1387 2476 1556 2516; x_wconf 84' lang='grc' dir='ltr'><em>δίκαιον,</em></span> <span class='ocrx_word' id='word_1_590' title='bbox 1589 2471 1715 2509; x_wconf 79' lang='grc' dir='ltr'><em>αὐτίκ’</em></span> 
     </span>
     <span class='ocr_line' id='line_1_97' title="bbox 902 2519 1715 2566; baseline -0.01 -5"><span class='ocrx_word' id='word_1_591' title='bbox 902 2525 1041 2561; x_wconf 74' lang='grc' dir='ltr'><em>ἐνθάδε</em></span> <span class='ocrx_word' id='word_1_592' title='bbox 1063 2525 1212 2559; x_wconf 84' lang='grc' dir='ltr'><em>Κτείνοι</em></span> <span class='ocrx_word' id='word_1_593' title='bbox 1229 2520 1434 2565; x_wconf 76' lang='grc' dir='ltr'><em>παραστὰς,</em></span> <span class='ocrx_word' id='word_1_594' title='bbox 1460 2521 1584 2566; x_wconf 85' lang='lat' dir='ltr'>quibus</span> <span class='ocrx_word' id='word_1_595' title='bbox 1608 2519 1642 2553; x_wconf 83' lang='lat' dir='ltr'>in</span> <span class='ocrx_word' id='word_1_596' title='bbox 1663 2520 1715 2554; x_wconf 89' lang='lat' dir='ltr'><em>lo-</em></span> 
     </span>
     <span class='ocr_line' id='line_1_98' title="bbox 903 2567 1714 2624; baseline -0.009 -18"><span class='ocrx_word' id='word_1_597' title='bbox 903 2572 952 2606; x_wconf 88' lang='lat' dir='ltr'><em>cis</em></span> <span class='ocrx_word' id='word_1_598' title='bbox 970 2585 1000 2605; x_wconf 85' lang='lat' dir='ltr'><em>v.</em></span> <span class='ocrx_word' id='word_1_599' title='bbox 1013 2571 1164 2624; x_wconf 85' lang='lat' dir='ltr'>interpp.</span> <span class='ocrx_word' id='word_1_600' title='bbox 1197 2579 1379 2614; x_wconf 81' lang='lat' dir='ltr'>perperam</span> <span class='ocrx_word' id='word_1_601' title='bbox 1393 2567 1666 2621; x_wconf 85' lang='lat' dir='ltr'>metaphrastes</span> <span class='ocrx_word' id='word_1_602' title='bbox 1664 2567 1714 2600; x_wconf 85' lang='lat' dir='ltr'>la-</span> 
     </span>
     <span class='ocr_line' id='line_1_99' title="bbox 900 2610 1715 2670; baseline -0.006 -18"><span class='ocrx_word' id='word_1_603' title='bbox 900 2619 1014 2652; x_wconf 84' lang='lat' dir='ltr'>tinus:</span> <span class='ocrx_word' id='word_1_604' title='bbox 1049 2618 1095 2650; x_wconf 80' lang='lat' dir='ltr'><em>ad</em></span> <span class='ocrx_word' id='word_1_605' title='bbox 1129 2618 1244 2670; x_wconf 44' lang='lat' dir='ltr'>ipsas,</span> <span class='ocrx_word' id='word_1_606' title='bbox 1277 2625 1403 2655; x_wconf 80' lang='lat' dir='ltr'>nav‚es</span> <span class='ocrx_word' id='word_1_607' title='bbox 1438 2613 1537 2659; x_wconf 87' lang='lat' dir='ltr'>quasi</span> <span class='ocrx_word' id='word_1_608' title='bbox 1573 2610 1715 2656; x_wconf 84' lang='grc' dir='ltr'><em>αὐτόφι</em></span> 
     </span>
     <span class='ocr_line' id='line_1_100' title="bbox 900 2659 1714 2709; baseline -0.006 -11"><span class='ocrx_word' id='word_1_609' title='bbox 900 2664 1116 2709; x_wconf 78' lang='lat' dir='ltr'>significaret</span> <span class='ocrx_word' id='word_1_610' title='bbox 1142 2675 1218 2705; x_wconf 80' lang='grc' dir='ltr'><em>παρ</em></span> <span class='ocrx_word' id='word_1_611' title='bbox 1264 2659 1417 2699; x_wconf 65' lang='grc' dir='ltr'><em>αὐτοῖς,</em></span> <span class='ocrx_word' id='word_1_612' title='bbox 1449 2659 1576 2704; x_wconf 74' lang='grc' dir='ltr'><em>νηυσίι</em></span> <span class='ocrx_word' id='word_1_613' title='bbox 1602 2669 1714 2702; x_wconf 85' lang='lat' dir='ltr'>neque</span> 
     </span>
     <span class='ocr_line' id='line_1_101' title="bbox 901 2706 1714 2753; baseline -0.009 -9"><span class='ocrx_word' id='word_1_614' title='bbox 901 2712 1064 2744; x_wconf 90' lang='lat' dir='ltr'>usitatum</span> <span class='ocrx_word' id='word_1_615' title='bbox 1091 2714 1158 2749; x_wconf 83' lang='lat' dir='ltr'>est,</span> <span class='ocrx_word' id='word_1_616' title='bbox 1184 2707 1348 2753; x_wconf 84' lang='lat' dir='ltr'>quidquid</span> <span class='ocrx_word' id='word_1_617' title='bbox 1376 2706 1464 2739; x_wconf 81' lang='lat' dir='ltr'>dicit</span> <span class='ocrx_word' id='word_1_618' title='bbox 1488 2706 1594 2744; x_wconf 57' lang='lat' dir='ltr'>Ern„</span> <span class='ocrx_word' id='word_1_619' title='bbox 1618 2717 1714 2748; x_wconf 86' lang='grc' dir='ltr'><em>παρ-</em></span> 
     </span>
     <span class='ocr_line' id='line_1_102' title="bbox 902 2751 1712 2800; baseline -0.007 -10"><span class='ocrx_word' id='word_1_620' title='bbox 902 2757 1065 2796; x_wconf 72' lang='grc' dir='ltr'><em>αυτόθι,</em></span> <span class='ocrx_word' id='word_1_621' title='bbox 1089 2754 1181 2800; x_wconf 92' lang='lat' dir='ltr'>quod</span> <span class='ocrx_word' id='word_1_622' title='bbox 1209 2754 1337 2787; x_wconf 81' lang='lat' dir='ltr'>habent</span> <span class='ocrx_word' id='word_1_623' title='bbox 1363 2753 1450 2785; x_wconf 71' lang='lat' dir='ltr'>Ven.</span> <span class='ocrx_word' id='word_1_624' title='bbox 1476 2751 1603 2796; x_wconf 83' lang='lat' dir='ltr'>aliique</span> <span class='ocrx_word' id='word_1_625' title='bbox 1627 2762 1712 2784; x_wconf 92' lang='lat' dir='ltr'>non-</span> 
     </span>
     <span class='ocr_line' id='line_1_103' title="bbox 901 2795 1711 2843; baseline -0.01 -5"><span class='ocrx_word' id='word_1_626' title='bbox 901 2803 980 2838; x_wconf 87' lang='lat' dir='ltr'>nulli</span> <span class='ocrx_word' id='word_1_627' title='bbox 1006 2802 1107 2837; x_wconf 85' lang='lat' dir='ltr'>codd.</span> <span class='ocrx_word' id='word_1_628' title='bbox 1135 2801 1262 2843; x_wconf 56' lang='lat' dir='ltr'>MSS„</span> <span class='ocrx_word' id='word_1_629' title='bbox 1298 2805 1410 2834; x_wconf 83' lang='lat' dir='ltr'>ortum</span> <span class='ocrx_word' id='word_1_630' title='bbox 1436 2797 1542 2839; x_wconf 81' lang='lat' dir='ltr'>illud,</span> <span class='ocrx_word' id='word_1_631' title='bbox 1575 2795 1711 2841; x_wconf 87' lang='lat' dir='ltr'>opinor,</span> 
     </span>
     <span class='ocr_line' id='line_1_104' title="bbox 900 2842 1710 2888; baseline -0.011 -4"><span class='ocrx_word' id='word_1_632' title='bbox 900 2861 943 2884; x_wconf 86' lang='lat' dir='ltr'><em>ex</em></span> <span class='ocrx_word' id='word_1_633' title='bbox 966 2847 1187 2883; x_wconf 83' lang='lat' dir='ltr'>similitudine</span> <span class='ocrx_word' id='word_1_634' title='bbox 1211 2848 1242 2880; x_wconf 79' lang='grc' dir='ltr'><em>θ</em></span> <span class='ocrx_word' id='word_1_635' title='bbox 1266 2850 1354 2888; x_wconf 76' lang='lat' dir='ltr'>etq&gt;</span> <span class='ocrx_word' id='word_1_636' title='bbox 1380 2843 1575 2878; x_wconf 78' lang='lat' dir='ltr'>litterarum</span> <span class='ocrx_word' id='word_1_637' title='bbox 1610 2842 1644 2876; x_wconf 91' lang='lat' dir='ltr'>in</span> <span class='ocrx_word' id='word_1_638' title='bbox 1669 2843 1710 2876; x_wconf 89' lang='lat' dir='ltr'>li-</span> 
     </span>
     <span class='ocr_line' id='line_1_105' title="bbox 898 2889 1709 2939; baseline -0.009 -9"><span class='ocrx_word' id='word_1_639' title='bbox 898 2897 992 2936; x_wconf 91' lang='lat' dir='ltr'>bris,</span> <span class='ocrx_word' id='word_1_640' title='bbox 1025 2895 1070 2929; x_wconf 87' lang='lat' dir='ltr'><em>de</em></span> <span class='ocrx_word' id='word_1_641' title='bbox 1101 2904 1168 2939; x_wconf 80' lang='lat' dir='ltr'>qua</span> <span class='ocrx_word' id='word_1_642' title='bbox 1194 2893 1356 2926; x_wconf 85' lang='lat' dir='ltr'>dixerunt</span> <span class='ocrx_word' id='word_1_643' title='bbox 1381 2890 1540 2923; x_wconf 84' lang='lat' dir='ltr'>Schafer.</span> <span class='ocrx_word' id='word_1_644' title='bbox 1564 2899 1641 2923; x_wconf 80' lang='lat' dir='ltr'>ann.</span> <span class='ocrx_word' id='word_1_645' title='bbox 1665 2889 1709 2923; x_wconf 84' lang='lat' dir='ltr'>ad</span> 
     </span>
     <span class='ocr_line' id='line_1_106' title="bbox 898 2935 1710 2987; baseline -0.009 -11"><span class='ocrx_word' id='word_1_646' title='bbox 898 2943 1051 2987; x_wconf 84' lang='lat' dir='ltr'>Gregor.</span> <span class='ocrx_word' id='word_1_647' title='bbox 1072 2940 1154 2973; x_wconf 87' lang='lat' dir='ltr'>Cor.</span> <span class='ocrx_word' id='word_1_648' title='bbox 1179 2951 1212 2984; x_wconf 91' lang='lat' dir='ltr'><em>p.</em></span> <span class='ocrx_word' id='word_1_649' title='bbox 1233 2939 1327 2978; x_wconf 63' lang='lat'><em>525„</em></span> <span class='ocrx_word' id='word_1_650' title='bbox 1353 2935 1531 2970; x_wconf 56' lang='lat' dir='ltr'>WVelcker.</span> <span class='ocrx_word' id='word_1_651' title='bbox 1552 2936 1710 2980; x_wconf 79' lang='lat' dir='ltr'>Aeschyl.</span> 
     </span>
     <span class='ocr_line' id='line_1_107' title="bbox 901 2982 1435 3033; baseline -0.011 -12"><span class='ocrx_word' id='word_1_652' title='bbox 901 2989 988 3021; x_wconf 69' lang='lat' dir='ltr'>Tru.</span> <span class='ocrx_word' id='word_1_653' title='bbox 1012 2999 1047 3033; x_wconf 91' lang='lat' dir='ltr'><em>p.</em></span> <span class='ocrx_word' id='word_1_654' title='bbox 1070 2986 1149 3021; x_wconf 79' lang='lat'>479.</span> <span class='ocrx_word' id='word_1_655' title='bbox 1172 2996 1248 3019; x_wconf 82' lang='lat' dir='ltr'>ann</span> <span class='ocrx_word' id='word_1_656' title='bbox 1261 2982 1435 3027; x_wconf 85' lang='lat' dir='ltr'>,aliique.</span> 
     </span>
    </p>
   </div>
  </div>
 </body>
</html>
