1847 3277
199 467 220 490 r

138 471 221 512 870
252 521 466 574 ἄντικρυς
496 522 542 565 δὲ
573 524 725 578 διῆλθε
754 519 892 575 βέλος.

230 690 398 761 αὐχέν’
430 691 617 762 ἄπεκρέμ
625 705 746 744 ασεν,

123 1499 206 1540 890

63 1642 158 1690 τόξω
190 1642 361 1701 ἐχρῶντο.
408 1643 488 1685 „sic
517 1642 597 1677 item
631 1643 727 1689 proci
759 1643 795 1677 in
827 1644 880 1677 0-

63 1691 213 1736 dyssea,
237 1688 289 1746 φ’,
315 1689 361 1726 74
384 1695 420 1724 et
443 1692 566 1734 seqqf‘
590 1690 716 1723 Kraus.

111 1738 191 1771 871.
240 1750 298 1777 ως
334 1737 476 1771 ἴεθυν
486 1749 530 1777 ν,
574 1737 675 1780 quasi
709 1736 878 1781 dirigeret

65 1783 244 1826 sagittam,
275 1795 402 1827 gerim:
436 1784 489 1816 als
522 1782 562 1815 ob
597 1794 633 1815 er
656 1782 770 1816 zielte.
814 1783 878 1816 du-

63 1828 140 1862 dum
165 1828 299 1862 adstitit
317 1829 500 1869 Meriones,
518 1829 679 1881 sagittam
703 1839 802 1862 manu
822 1832 877 1861 te·-

63 1885 148 1908 nens
171 1882 270 1918 gestu
292 1875 385 1918 dirig
365 1875 501 1917 nentis,
532 1874 581 1907 ita
603 1880 663 1915 ut,
698 1885 782 1908 arcu
803 1874 873 1917 jam

62 1927 221 1965 arrepto,
250 1902 384 1955 Statim„
388 1899 506 1978 posselz
535 1932 608 1953 eam
636 1921 812 1965 imponere
839 1927 874 1955 et

57 1967 215 2010 jaculari.
265 1967 345 2009 ὡς,
370 1969 478 2001 masi.-
502 1978 535 1998 v.
564 1967 736 2010 Viger.8,
760 1969 813 2007 10,
840 1969 874 2001 5.

107 2012 319 2065 875-880.
367 2014 445 2066 τῇ,
468 2013 537 2053 ibi,
562 2013 626 2045 sub
649 2013 806 2046 nubibus.
828 2031 873 2039 --

60 2057 200 2102 πάγη.
237 2058 280 2099 δ’,
305 2061 390 2100 185,
415 2057 458 2100 κ’,
482 2057 552 2093 374
570 2064 635 2092 etc.
665 2064 780 2099 recta,
805 2071 874 2103 qua

61 2115 134 2138 eam
153 2106 324 2149 Jaculatus
348 2110 425 2138 erat
449 2104 644 2146 Meriones,
669 2105 797 2148 sagitta
819 2117 874 2138 re-

60 2150 158 2195 lapsa
180 2158 233 2185 est
260 2158 295 2185 et
326 2152 424 2184 humo
449 2151 519 2183 fixa
543 2157 624 2183 ante
652 2150 759 2195 pedes
780 2152 873 2195 ejus;

62 2196 262 2250 pariterque
294 2197 369 2231 avis
411 2207 571 2242 percussa
602 2203 699 2230 recta
730 2197 872 2238 decidit,

61 2242 112 2275 ita
132 2248 172 2276 ut
197 2244 283 2277 malo
309 2243 484 2283 insidens,
517 2239 811 2287 ἐφεζομένη,
838 2244 872 2279 h.

60 2300 91 2322 e.
119 2288 161 2322 ad
187 2300 260 2322 eum
285 2289 547 2330 adhaerescens,
571 2288 733 2323 inclinato
759 2289 874 2339 capite

60 2338 96 2367 et
119 2334 181 2367 alis
206 2334 385 2375 distentis,
410 2335 616 2379 exspiraret.
661 2346 752 2379 quae
777 2336 872 2369 sacta

60 2380 181 2414 merito
212 2380 398 2414 admiratus
422 2386 475 2414 est
498 2381 711 2414 Graecorum
737 2381 871 2415 exerci-

59 2431 137 2467 tus,
154 2431 327 2480 tanquam
355 2428 560 2460 documenta
592 2427 684 2460 haud
716 2426 871 2472 vulgaris

59 2450 208 2526 peritiae
225 2471 436 2517 sagittandi.
468 2490 512 2498 —
549 2474 768 2514 λίασθεν,
799 2472 869 2508 ἐλι-

59 2515 246 2563 άσθησαν.
292 2519 393 2552 Sch.·
418 2518 724 2573 διεχωρίσθησαν.
759 2520 868 2552 solve-

59 2564 206 2605 bantur,
239 2564 452 2598 laxabantur.
503 2564 693 2606 Pindarus,
726 2569 869 2599 notante

57 2609 290 2664 E,Pyth.1,
318 2612 394 2646 12.
420 2607 521 2646 εὕδει
545 2609 584 2645 δ’
612 2609 686 2646 ἀνὰ
720 2610 866 2668 σκάπτῳ

39 2634 150 2697 ’Διὸς
175 2636 321 2698 αἰετός,
351 2653 531 2692 ωκεῖαν
559 2655 755 2702 πτέρυγ’
781 2647 866 2701 ἀμ·-

57 2701 204 2758 φοτέρ
214 2705 340 2738 ωθεν
363 2701 601 2747 χαλάξαις.
625 2723 671 2730 -
699 2702 864 2740 πτάτο.

55 2747 97 2790 ε’,
119 2749 207 2793 282,
230 2747 281 2790 π’,
305 2749 372 2785 856
397 2755 463 2784 etc.

101 2806 223 2841 885-
234 2807 314 2842 888.
362 2804 560 2851 ἄπυρον.
585 2808 668 2842 267.
699 2825 746 2833 -
779 2803 862 2842 οἰν-

53 2850 306 2895 θεμόεντα.
339 2853 480 2899 proprie
504 2853 593 2887 dixit
615 2853 774 2897 λειμῶνα
795 2851 862 2889 οἱν-

52 2896 239 2943 θεμόεντα
261 2896 307 2943 β’,
328 2899 417 2940 467,
445 2900 622 2942 Πύρασον
657 2898 862 2943 ἀνθεμόεν-

52 2957 99 2980 τα
130 2944 256 2980 ibidem
279 2945 356 2981 695.
388 2925 426 2981 e⁹t
449 2945 596 2989 similitu
627 2946 776 2991 figurate
798 2958 860 2981 au-

83 141 90 199 ]
341 114 343 118 ’
498 165 509 167 -
643 126 1191 177 ιΑιΑ4οΣΨῑ

1665 133 1746 174 271

255 238 400 291 τόξον·
432 237 540 292 ἀτὰρ
571 237 625 294 δὴ
656 235 805 282 ὀϊστὸν
833 236 927 292 ἔχεν
953 235 1110 282 πάλαι,
1141 234 1202 288 ὦς
1231 239 1396 283 ἴθυνεν.
1512 278 1537 299 x

255 296 412 339 αὐτίκα
441 294 485 339 δ’
516 294 741 363 ἠπείλησεν
771 293 965 349 ἑκηβόλῳ
993 291 1232 336 Ἀπόλλωνι

253 350 404 406 άρνών
432 350 730 421 πρωτογόνων
760 351 896 411 ῥέξειν
926 348 1099 405 κλειτὴν
1129 349 1390 419 ἑκατόμβην.

252 409 333 459 ὕψι
365 407 406 452 δ’
437 407 526 451 υπό
556 409 728 463 νεφέων
759 405 848 450 εἶδε
878 406 1083 476 τρήρωνα
1111 406 1308 449 πέλειαν·

251 471 303 537 τῇ
333 464 380 520 ῤ’
409 464 484 520 ὅγε
515 465 781 508 δινεύουσαν
809 461 898 506 ὑπό
929 464 1143 517 πτέρυγος
1153 463 1276 531 βάλε
1295 463 1482 534 μέσσην,

948 519 999 562 τὸ
1031 520 1112 574 μὲν
1145 517 1205 570 οἰψ
1238 519 1308 563 ἐπὶ
1317 522 1442 589 γαίῃ

250 577 447 632 πρόσθεν
479 579 720 649 Μηριόναο
745 576 862 632 πάγη
891 575 1051 626 ποδός·
1082 574 1223 631 αὐτὰρ
1252 576 1280 634 ἡ
1311 574 1450 631 ὄρνις,

248 637 354 704 ἱστῷ
384 636 615 705 ἐφεζομένη
645 634 750 690 νηὸς
778 631 1140 686 κυανοπρώροιο

783 691 865 741 ξύν
898 689 944 733 δὲ
972 690 1106 743 πτερὰ
1135 705 1282 732 πυκνα
1313 689 1506 731 λίασθεν.

80 759 81 762 ’
136 751 218 793 880
251 745 368 798 ωκύς
399 746 443 790 δ’
477 748 525 791 ἐκ
553 749 717 819 μελέων
742 746 890 805 θυμὸς
918 745 1075 795 πτάτο,
1116 749 1217 801 τῆλε
1247 743 1292 789 δ’
1327 743 1406 788 ἀπ’
1435 741 1576 788 αυτοῦ

249 804 465 848 κάππεσε·
495 806 593 848 λαοὶ
624 803 668 849 δ’
699 806 756 848 αὐ
787 801 980 874 θηεῦντό
1010 819 1076 852 τε,
1106 802 1372 874 θάμβησάν,
1376 817 1434 845 τε.

243 878 299 903 αν
330 861 371 904 δ’
404 861 493 915 α’ρα
526 860 759 918 Μηριόνης
786 859 988 911 πελέκεας
1018 858 1122 902 δέκα
1152 860 1321 910 πάντας
1352 856 1481 914 ἄειρε,

250 922 442 973 Τεῦκρος
471 917 511 962 δ’
541 919 807 975 ἡμιπέλεκκα
837 917 970 973 φέρεν
999 918 1149 967 κοίλας
1179 915 1249 959 ἐπὶ
1278 919 1402 972 νῆας.

289 1021 475 1065 jaculatum
500 1033 706 1067 ρτοπτεεευς
729 1022 805 1067 ipse
829 1020 1057 1064 Agamemnon
1082 1018 1190 1064 primo
1216 1018 1366 1063 praemio
1384 1020 1528 1052 ornatur
1549 1018 1592 1051 ab
1609 1015 1743 1051 Achille

209 1066 284 1099 sine
309 1068 518 1108 certamine,
547 1069 721 1103 Meriones
747 1075 885 1109 autem,
913 1065 971 1110 qui
998 1077 1063 1099 una
1087 1070 1304 1107 surrexerat,
1327 1065 1489 1098 secundo.

320 1142 472 1201 Αὐτὰρ
505 1144 721 1216 Πηλείδης
748 1143 859 1187 κατὰ
889 1144 968 1196 μὲν
999 1142 1275 1212 δολιχόσκιον
1289 1142 1439 1213 ε’γχος,

133 1204 214 1245 885
249 1202 382 1244 καδδὲ
413 1199 556 1256 λέβητ’
590 1198 786 1253 ἄπυρον,
817 1200 926 1257 βοὸς
955 1199 1099 1253 ἄξιον,
1132 1198 1422 1268 ἀνθεμόεντα,

239 1256 348 1313 θῆκ’
382 1257 424 1307 ἐς
455 1257 606 1328 ἀγωνα
632 1257 806 1311 φέρων·
836 1258 911 1300 καί
942 1255 986 1310 ῥ’
1017 1256 1177 1327 ἥμονες
1208 1255 1366 1309 ἄνδρες
1396 1253 1596 1307 ἀνέσταν,

240 1315 297 1356 ἄν
330 1331 421 1385 μεν,
439 1313 516 1368 ἄρ’
540 1312 758 1368 Ἀτρείδης
789 1312 1058 1367 εὐρυκρείων
1081 1312 1378 1384 ᾼγαμέμνων,

239 1369 296 1413 ἄν
327 1369 369 1413 6'
402 1369 488 1425 ἄρα
521 1369 774 1439 Μηριόνης,
806 1371 1016 1425 θεράπων
1050 1368 1127 1420 ἐΰς
1153 1369 1406 1440 Ἰδομενῆος.

237 1432 351 1471 τοισι
382 1427 428 1470 δὲ
457 1428 530 1470 καὶ
559 1426 752 1483 μετέειπε
781 1426 1008 1483 ποδάρκης
1038 1428 1140 1477 δῖος
1158 1424 1392 1482 Ἀχιλλεύς·

320 1493 558 1551 ,,Ἀτρείδη,
592 1496 718 1550 ἴδμεν
746 1512 854 1550 γαρ,
884 1494 994 1539 ὅσον
1023 1494 1304 1550 προβέβηκας
1334 1491 1554 1543 ἁπάντων,

925 1646 991 1677 tem
1013 1642 1047 1675 in
1067 1641 1226 1687 Odyssea
1248 1653 1404 1688 quoque,
1448 1639 1573 1681 ’4,40
1587 1666 1598 1685 ,
1624 1639 1737 1678 ἄνθε-

924 1688 1063 1732 μόεντα
1086 1690 1241 1745 λέβητα,
1267 1695 1302 1722 et
1321 1689 1367 1722 ib
1394 1702 1446 1730 ω,
1471 1690 1548 1724 274.
1573 1691 1740 1734 κρατῆρα

923 1734 1162 1779 πανάργυρον
1173 1733 1420 1778 ανθεμόεντα,
1429 1736 1606 1791 floridum.
1619 1736 1736 1770 Schol.

926 1782 973 1815 13:
1000 1781 1072 1818 ἀπὸ
1098 1781 1172 1816 τῶν
1197 1781 1505 1825 ἐντετορευμένων
1531 1778 1686 1823 ἅνθῶν,
1711 1780 1737 1817 ὰ

922 1823 1072 1871 ανθεμα
1104 1828 1268 1864 καλοῦσι.
1315 1828 1437 1873 quibus
1469 1829 1553 1861 haec
1588 1828 1738 1871 subjecit

920 1874 1170 1909 Sch01.Vict.=
1196 1887 1256 1910 και
1275 1875 1462 1918 Πινδαρος
1479 1874 1600 1917 (01.2,
1620 1876 1736 1919 130-·)

921 1919 1109 1964 ἄνθεμα
1144 1919 1192 1956 δὲ
1223 1923 1430 1966 χρυσοῦ,
1461 1923 1571 1963 flores
1611 1932 1736 1956 aureos

919 1975 1110 2022 pratqrum.
1158 1974 1383 2024 praepostere
1409 1969 1494 2011 Ap.=
1526 1965 1735 2023 ἀνθεμόεν-

919 2026 976 2053 τα,
1002 2010 1299 2056 οἷναθεματικὸν,
1321 2010 1345 2058 ἢ
1365 2011 1633 2057 διηνθισμένον
1650 2027 1735 2049 ποι-

919 2061 1047 2101 κίλως,
1071 2060 1237 2116 siquidem
1261 2071 1471 2105 consequens
1495 2064 1549 2093 est
1571 2059 1613 2094 τὸ
1640 2059 1734 2095 ἅνα-

919 2104 1147 2149 θεματικὸν,
1179 2118 1252 2140 cum
1287 2106 1416 2140 lebetes
1449 2106 1582 2139 affabre
1606 2107 1733 2142 effictis

920 2152 1062 2186 floribus
1079 2157 1218 2186 ornatos
1238 2152 1399 2187 dedicare
1417 2152 1569 2185 solerent
1588 2151 1623 2186 in
1645 2157 1732 2188 tem-

919 2198 1006 2243 plis;
1039 2198 1129 2242 quod
1157 2209 1266 2242 genus
1299 2199 1422 2232 artium
1448 2209 1513 2231 non
1543 2198 1732 2234 abhorrere

919 2245 962 2277 ab
986 2243 1122 2288 ingenio
1146 2244 1221 2278 aevi
1239 2244 1442 2285 Homerici,
1477 2243 1531 2277 vel
1563 2244 1636 2279 sola
1668 2245 1732 2280 de-

918 2290 1058 2335 scripti)
1081 2289 1170 2323 scuti
1198 2289 1343 2324 Achillei
1370 2289 1454 2324 satis
1483 2290 1653 2325 ostendat
1694 2303 1730 2326 v.

917 2336 1058 2390 Kfipkei
1079 2337 1251 2379 Kriegsw.
1281 2337 1316 2370 d.
1343 2338 1402 2371 Gr.
1429 2348 1462 2381 p
1483 2336 1539 2370 46.
1569 2343 1606 2369 et
1631 2348 1728 2383 seqq.

916 2401 962 2407 —-
994 2382 1138 2424 „itidem
1163 2384 1252 2427 Ap.=
1283 2395 1480 2439 ημονες,
1503 2380 1729 2421 ακοντισταί.

915 2428 980 2464 καὶ
1019 2425 1176 2485 ἤματα
1210 2430 1349 2474 (891.,)
1383 2443 1428 2464 τα
1463 2423 1728 2486 οἷκοντίσματα.

914 2475 1028 2508 Schol.
1057 2477 1106 2508 Α.
1131 2472 1326 2520 ἥμονες,
1351 2475 1389 2511 οἱ
1405 2473 1629 2516 ἀκοντισταὶ,
1651 2472 1728 2513 ἀπὸ

913 2521 981 2556 τοῦ
1006 2520 1112 2556 ἱέναι.
1150 2521 1193 2565 ρ’,
1218 2524 1319 2557 515.=
1353 2520 1430 2568 ἥσω
1462 2519 1532 2564 γάρ
1556 2521 1618 2556 καὶ
1643 2520 1726 2564 ἐγώ.

913 2586 959 2592 —
983 2565 1224 2610 θεράπων.
1252 2570 1329 2604 113.
1378 2565 1555 2611 Hesychia
1577 2574 1613 2601 et.
1634 2569 1726 2614 Ety-

913 2613 1046 2668 mologo
1070 2614 1301 2658 θεράποντες
1335 2620 1414 2648 sunt
1445 2612 1480 2647 οἱ
1506 2611 1546 2647 ἐν
1560 2614 1725 2669 δευτέρᾳ

911 2657 1015 2702 τάξει
1043 2662 1169 2705 φίλοι,
1200 2673 1267 2694 non
1302 2672 1385 2694 vero
1422 2656 1651 2704 ὁπλοφόροι,
1685 2667 1724 2696 ut

910 2706 1000 2749 apud
1027 2707 1227 2742 Cretenses.
1261 2718 1293 2739 v.
1312 2706 1472 2740 Stoeber.
1490 2706 1668 2742 AnimadV.
1685 2706 1721 2742 in

909 2751 1080 2786 Feithium
1100 2765 1134 2798 p.
1151 2753 1209 2788 34.
1234 2755 1270 2786 et
1297 2753 1341 2787 ab
1368 2763 1408 2786 eo
1434 2751 1591 2786 laudatus
1618 2753 1651 2787 E
1675 2755 1719 2789 ad

905 2796 949 2839 τ’,
975 2798 1052 2833 143.

951 2856 1074 2891 890-
1085 2856 1163 2891 897.
1190 2869 1200 2889 ι
1193 2853 1331 2899 ’Ὄμεν
1345 2873 1390 2879 -
1408 2851 1616 2898 ἄριστος.
1639 2866 1718 2890 sen-

904 2901 1014 2935 tentia
1038 2901 1200 2944 causalis,
1224 2901 1341 2947 priore
1365 2901 1440 2935 loco
1460 2901 1587 2946 posita,
1611 2908 1649 2936 ut
1665 2902 1713 2947 η’,

904 2948 970 2990 73,
993 2946 1038 2994 ρ’,
1061 2949 1130 2984 252
1158 2953 1224 2982 etc.
1259 2966 1302 2973 —
1335 2947 1437 2982 Sch..
1469 2947 1712 2993 προβέβη-
