1847 3277
93 1258 176 1298 220

33 1377 103 1412 ista
115 1379 293 1434 diemque
305 1380 436 1414 Oderit.
448 1381 473 1399 “
494 1379 619 1414 Eichh.
642 1398 689 1405 —
727 1379 846 1435 μξγα

36 1438 214 1467 κρατος
239 1424 293 1469 (α’
304 1452 314 1468 ,
339 1428 406 1461 509
425 1427 524 1470 etc.‚)
549 1438 720 1481 maguam
737 1428 844 1461 victo-

35 1473 135 1505 riam.
155 1491 201 1496 —
233 1473 417 1528 ἐγγυαλ.
443 1471 489 1514 α’,
506 1474 594 1515 353,
621 1472 667 1518 β,
686 1474 754 1508 436
777 1481 844 1510 etc.

33 1537 78 1542 —
101 1520 211 1560 τῶν,
242 1517 406 1562 τούτων,
432 1518 592 1563 τούτου,
625 1521 716 1563 ejus,
749 1521 842 1565 quod

28 1564 98 1608 jam
124 1566 275 1599 dicturus
301 1567 384 1610 est)
424 1564 618 1619 ποινήν.
649 1568 844 1610 τιμωρίαν.

31 1610 68 1645 οἱ
101 1610 140 1646 δὲ
171 1611 332 1667 ἀμοιβὴν
365 1612 427 1647 καὶ
465 1611 587 1657 χάριν.
635 1613 700 1647 hoc
734 1620 842 1649 recte.

30 1681 53 1698 ‚‚
43 1655 320 1703 ,ἆντισήκωσιν,
346 1661 665 1703 compensationem,
693 1659 778 1693 dicit
797 1660 844 1702 Ε,

29 1703 167 1738 laudato
200 1705 372 1746 Pindaro,
410 1706 467 1750 qui
501 1707 587 1739 hanc
619 1717 738 1739 vocem
767 1706 839 1739 fre-

29 1755 181 1793 quentat.
216 1753 263 1786 cf.
288 1751 336 1793 ε’,
359 1754 459 1787 266.“
463 1753 551 1785 ‘Ex
574 1754 617 1785 H
637 1772 683 1777 —-
707 1748 730 1786 ό
753 1765 839 1794 τοι,

28 1809 87 1831 οτι
117 1810 187 1832 τοι.
233 1811 252 1834 ο
289 1811 364 1833 τοι
405 1812 515 1833 ουτι
547 1798 766 1841 δέξεται,
800 1803 840 1833 ut

28 1843 161 1886 δέξατό
203 1845 239 1879 οἱ
275 1846 459 1889 σκῆπτρον
500 1844 555 1890 β’,
590 1845 656 1880 186
690 1850 757 1879 etc.
794 1864 838 1870 —

28 1890 342 1935 νοστήσαντι.
367 1891 420 1938 β,
443 1892 534 1935 253,
560 1889 613 1934 δ’,
638 1893 705 1927 103
725 1897 791 1925 etc.

71 1937 152 1973 209.
180 1937 215 1971 α’
227 1939 339 1980 ,.528

72 1985 195 2019 210-
204 1964 283 2020 2⁹14.
311 1982 566 2029 ,,ἤρμοσεν,
588 1981 777 2027 ἡρμόσθη,
799 1987 840 2017 ut

25 2027 77 2074 γ’,
101 2032 203 2066 332.τ
234 2029 393 2075 θωρηκα
420 2031 502 2074 περὶ
527 2029 723 2086 στήθεσσιν
749 2029 838 2065 ἐδυ-

25 2088 89 2111 νεν
114 2075 182 2112 Oto
208 2078 444 2122 κασιγνήτοιο
461 2075 675 2116 Λυκάονος·
700 2074 838 2122 ἥρμοσε

27 2121 66 2157 δ’
93 2121 206 2170 αὐτῷ.
255 2125 300 2159 cf.
331 2123 384 2166 τ’,
410 2126 499 2163 385,
576 2125 699 2165 ,370,
724 2125 823 2159 371.6

26 2160 227 2205 EKetH.
247 2191 293 2196 —
316 2171 416 2205 Sch..
447 2172 503 2205 δῦ
526 2171 574 2206 δέ
597 2183 675 2214 μιν
689 2167 833 2213 ’.Αρης

26 2216 113 2258 (imo
139 2214 251 2261 ἅρης,
284 2217 449 2263 siquidem
485 2229 551 2251 non
575 2228 754 2262 personam
781 2217 836 2249 hic

27 2262 128 2296 Hom.
162 2263 265 2307 dicit,
309 2263 372 2297 sed
405 2276 499 2305 rem,
532 2276 678 2297 amorem
713 2262 805 2296 belli.
811 2263 834 2320 )¹

25 2308 175 2363 εἰσῆλθε
197 2308 236 2344 δε
255 2289 373 2345 αὐτὸν
390 2309 552 2365 πολέμου
569 2309 752 2353 ἐπιθυμία
771 2309 833 2344 καὶ

27 2351 136 2399 ὁρμή.
176 2352 413 2396 ἐνυάλιος.
439 2356 510 2402 (β,
535 2356 622 2396 651,
645 2358 740 2400 ann.)
764 2369 834 2391 πο-

23 2400 179 2444 λεμικός.
207 2421 253 2428 -
301 2404 538 2447 πλῆσθεν,
584 2401 831 2447 ἐπλήσθησαν.

23 2447 90 2481 vim
106 2448 270 2493 magicam
291 2449 390 2483 Hom.
410 2449 492 2482 dicit
509 2448 698 2483 divinorum
716 2449 832 2483 Achil-

23 2493 65 2528 lis
89 2505 276 2536 armorum,
293 2495 422 2550 quibus
441 2495 572 2528 Hector
593 2495 733 2528 indutus
757 2495 832 2528 vel-

24 2545 62 2573 ut
92 2541 216 2575 robore
248 2540 424 2597 animoque
462 2541 580 2585 graeci
608 2542 723 2575 herois
752 2552 833 2587 per-

23 2585 188 2621 funditur.
224 2587 267 2621 cf.
295 2586 333 2627 ε’,
360 2588 444 2629 127,
471 2588 559 2628 845,
583 2586 614 2620 ν’
626 2589 831 2629 ,59-80,

25 2629 76 2673 ξ’,
100 2634 187 2676 214,
214 2632 265 2674 ο’,
289 2635 390 2675 318.;
426 2645 492 2678 quo
521 2633 694 2678 pertinent
730 2633 829 2667 etiam

24 2677 157 2713 Hector
191 2685 225 2713 et
249 2680 404 2714 Glaucus
429 2680 552 2714 resecti
589 2679 618 2714 o‘
630 2705 640 2720 ,
667 2681 754 2721 262,
779 2679 829 2720 π’,

26 2725 118 2766 527,
150 2732 186 2760 et
209 2726 276 2771 Uly
281 2738 353 2760 sses
378 2727 485 2770 major
507 2727 752 2771 venustiorque
775 2727 827 2760 vi-

22 2780 80 2803 sus
105 2771 231 2824 Odyss.
253 2739 301 2816 ζ,
323 2773 445 2807 229-
456 2773 548 2813 235,
573 2784 638 2817 ope
663 2772 830 2817 Apollinis

23 2822 58 2849 et
74 2815 271 2861 Minervae,
298 2822 334 2853 et
357 2830 462 2852 naves
483 2819 672 2853 Phaeacum
698 2818 831 2852 ratione

23 2863 221 2907 praeditae,
245 2876 287 2898 ne
311 2864 418 2898 dicam
444 2865 538 2910 ipsos
565 2865 761 2904 Phaeacas,
785 2865 829 2898 de

22 2908 143 2953 quibus
161 2920 268 2954 nuper
285 2911 444 2955 exposuit
461 2911 624 2956 peculiari
642 2912 728 2944 libro
747 2911 829 2953 (DIc

20 2955 252 2989 homerischcn
269 2957 430 2990 Phiiaken
453 2958 524 2991 und
549 2959 604 2991 die
629 2958 742 2990 Inscln
767 2958 829 2990 der

22 3002 184 3045 &ligr-n,
225 3003 274 3043 8.‚
312 3003 367 3038 65.
403 3014 505 3048 pagg.
519 3003 535 3046 )
580 3002 828 3037 cruditissimus

20 3047 236 3083 Welckerus.
266 3048 447 3082 evolvatur
465 3061 602 3095 quoque
621 3062 694 3084 cum
709 3051 826 3083 fructu

606 192 1040 235 ΙΛΙΑΔΟΣ
1095 196 1143 234 Ρ.

1662 202 1716 240 19

222 301 354 343 εἵλευ·
387 298 498 370 α’τοξρ
529 317 597 367 τοι
627 305 713 344 νῦν
741 317 789 356 γε
818 302 928 357 μέγα
958 302 1114 354 κράτος
1144 301 1400 356 ἐγγυαλίξω,

223 360 312 398 τῶν
341 357 520 428 ποινὴν,
554 357 577 399 6
609 374 679 400 τοι
709 358 805 401 οὔτι
838 359 976 414 μάχης
1005 359 1051 402 ἐκ
1081 359 1342 412 νοστήσαντι

225 415 388 464 δέξεται
415 412 689 470 Ἀνδρομάχη
719 416 855 486 xkvrfc
874 415 1034 485 τεύχεα
1067 417 1268 470 Πηλείων
1260 429 1353 466 'dog

293 466 368 523 ςΗ,
399 471 472 512 καὶ
500 473 761 542 κυανέῃσιν
770 471 832 515 ἐπ’
863 470 1027 527 ὀφρύσι
1057 476 1184 516 νεῦσε
1219 475 1434 526 Κρονίων.

108 533 191 572 210
209 524 386 580 Ἐκτορι
415 525 459 569 δ’
493 526 657 581 ἥρμοσε
686 527 817 584 τεύχε’
849 528 914 571 ἐπὶ
944 531 1065 584 χροΐ
1105 531 1161 572 δῦ
1191 529 1239 572 δέ
1269 546 1344 581 μιν
1375 529 1484 599 α’ρης

220 582 388 634 δεινός,
421 582 646 635 ἐνυάλιος,
685 589 880 640 πλῆσθεν
911 585 953 629 δ’
984 586 1070 640 ἄρα
1101 587 1145 628 οἱ
1172 585 1281 639 μέλε’
1309 586 1435 638 ἐντὸς

220 637 352 691 ἀλκῆς
380 640 454 682 καὶ
486 640 679 692 σθένεος.
729 642 835 696 μετὰ
867 642 914 685 δὲ
943 643 1137 693 κλειτοὺς
1168 642 1436 697 ἐπικούρους

216 699 286 764 βῆ
302 697 358 751 ῥα
387 696 496 752 μέγα
526 696 681 753 ἰάχων·
713 698 939 742 ἰνδάλλετο
971 700 1018 742 δέ
1049 710 1173 755 σφισι
1202 704 1333 752 πᾶσι,

215 751 381 808 τεύχεσι
410 755 713 824 λαμπόμενος,
745 754 986 827 μεγαθύμῳ
1018 757 1250 811 Πηλείωνι.

102 814 184 855 215
217 809 412 862 ὤτρυνεν
443 811 489 854 δὲ
520 811 704 855 ἕκαστον
739 813 1022 869 ἐποιχόμενος
1050 813 1240 864 ἐπέεσσι,

209 867 429 939 ΛΙέσθλην
458 884 521 919 τε,
555 868 761 912 Γλαῦκόν
790 886 859 920 τε,
889 869 1098 913 Μέδοντά
1127 885 1196 920 τε,
1223 868 1495 940 Θερσίλοχόν
1525 885 1593 923 τε,

209 922 520 978 Ἀστεροπαῖόν
549 942 616 978 τε,
647 926 897 983 Δεισήνορα
933 926 998 979 θ’,
1025 925 1265 970 Ἱππόθοόν
1294 942 1359 976 τε,

216 980 405 1051 Φόρκυν
425 997 494 1032 τε,
528 985 728 1051 Χρομίον
756 1000 822 1036 τε,
854 983 930 1026 καὶ
947 982 1169 1053 ’Ἐννομον
1199 981 1454 1052 οἰωνιστήν·

209 1054 314 1088 τους
342 1034 405 1092 ὅγ’
436 1038 690 1092 ἐποτρύνων
721 1040 823 1083 ἔπεα
850 1038 1088 1095 πτερόεντα
1116 1038 1371 1095 προσηύδα·

267 1133 474 1162 convocatus
497 1128 702 1162 fortissimos
725 1129 955 1173 Trojanorum
978 1130 1110 1164 Hector
1134 1130 1294 1164 hortatur
1317 1129 1362 1164 ad
1386 1133 1526 1165 strenue
1549 1141 1705 1176 pugnan-

175 1172 253 1207 dum
276 1175 567 1220 auferendumque
590 1175 746 1209 Patrocli
770 1188 916 1221 corpus,
941 1176 1093 1222 praemio
1119 1177 1311 1222 proposito.

290 1252 539 1307 ,,Κέκλυτε,
570 1254 708 1311 μυρία
739 1257 860 1311 φῦλα
890 1255 1183 1311 περικτιόνων
1211 1253 1486 1311 ἐπικούρων]

891 1382 1021 1416 Feithii
1045 1383 1133 1416 liber
1152 1383 1182 1416 1.
1207 1393 1282 1427 cap.
1306 1383 1384 1424 17,
1410 1390 1478 1426 quo
1495 1379 1610 1424 capite
1630 1378 1705 1424 agit

891 1429 935 1462 de
959 1429 1100 1473 magicis
1124 1429 1276 1470 artibus;
1309 1439 1395 1471 quas
1420 1431 1514 1460 artes
1538 1438 1604 1459 una
1628 1437 1703 1460 cum

891 1474 969 1507 aliis
994 1486 1013 1507 a
1032 1475 1250 1509 daemonibus
1271 1474 1475 1519 quibusdam
1498 1472 1615 1506 doceri
1638 1484 1704 1516 pu-

888 1526 965 1554 tant
987 1521 1130 1563 Judaei,
1159 1532 1345 1565 earumque
1364 1520 1509 1564 peritum
1528 1518 1704 1552 Christum

887 1567 1045 1612 leprosos
1077 1579 1217 1601 sanasse
1253 1571 1288 1600 et
1319 1572 1471 1600 mortuos
1501 1565 1702 1600 suscitasse.

888 1614 947 1655 (v.
972 1613 1232 1658 Eisenmengeri
1255 1614 1468 1647 Entdecktes
1489 1612 1703 1645 Judeuthum

889 1659 935 1694 T.
959 1661 989 1694 1.
1018 1671 1051 1704 p.
1075 1658 1160 1701 149,
1196 1661 1279 1700 157,
1307 1661 1392 1701 165,
1425 1659 1494 1693 358
1521 1669 1641 1703 seqq.,
1666 1659 1700 1693 2.

887 1717 921 1751 p.
955 1705 1063 1750 439.)
1102 1710 1283 1751 praeterea
1326 1707 1489 1749 frequens
1524 1710 1577 1737 est
1610 1704 1700 1748 apud

887 1754 1010 1796 poetas
1035 1753 1112 1786 aevi
1136 1752 1238 1786 medii
1262 1763 1338 1785 cum
1364 1751 1601 1791 Christianos,
1627 1756 1700 1785 tum

883 1799 1017 1832 Arabos
1036 1798 1282 1842 Persicosque,
1308 1798 1435 1832 mentio
1455 1807 1621 1830 armorum
1644 1797 1700 1830 in-

883 1849 1117 1886 cantatorum,
1143 1845 1266 1889 quibus
1285 1843 1505 1901 adversarios
1523 1854 1603 1876 suos
1622 1843 1700 1877 vin-

884 1897 965 1924 cunt
989 1892 1123 1924 hereses.
1146 1910 1190 1915 —
1227 1890 1455 1929 κλειτους
1478 1888 1544 1923 επ
1573 1891 1626 1924 14-
1652 1908 1699 1915 —-

885 1937 1000 1981 μέγα
1026 1936 1190 1982 ἰάχων.
1214 1935 1258 1983 β’,
1283 1937 1375 1979 333,
1400 1936 1447 1977 ε’,
1472 1937 1542 1972 302
1561 1940 1628 1969 etc.
1651 1955 1699 1961 ——

885 1995 1017 2017 rursum
1048 1984 1152 2018 Sch.·
1195 1982 1462 2018 ἰνδάλλετο.
1505 1980 1590 2025 (ψ’,
1614 1980 1697 2024 460,

885 2030 1068 2074 Odyssmy
1085 2008 1209 2071 2,46,
1241 2028 1292 2070 τ’,
1317 2028 1410 2071 224,
1442 2027 1554 2084 Apoll.
1579 2007 1695 2063 hhod.

885 2044 1136 2117 1‚1297⁷etc.
1170 2076 1236 2118 H.)
1272 2076 1457 2118 εἰκάζετο,
1495 2071 1696 2129 ωμριοῦτο,

882 2124 935 2168 τῷ
956 2120 1102 2167 Ἀχιλλεῖ
1125 2122 1310 2166 δηλονότι.
1357 2123 1444 2166 legit
1465 2121 1525 2154 ille
1549 2120 1583 2154 in
1607 2101 1696 2155 libr6

881 2181 944 2202 suo
979 2167 1201 2214 μεγαθύμου
1234 2170 1466 2213 Πηλει’,ωνος
1507 2172 1546 2201 ut
1578 2168 1695 2212 vulgo.

881 2215 942 2248 sed
963 2216 1061 2258 Ven,
1079 2221 1221 2250 auctore
1238 2216 1464 2249 Aristarcho:
1488 2213 1695 2261 μεγαθύμῳ

880 2264 1087 2307 Πηλείωνι,
1120 2273 1222 2307 quam
1253 2262 1476 2306 scripturam,
1513 2250 1694 2294 Eustathio

880 2315 1121 2349 memoratam,
1166 2307 1288 2341 merito
1323 2307 1486 2351 probavit
1520 2307 1575 2348 H,
1618 2318 1694 2342 cum

879 2355 1007 2399 alioqui
1030 2355 1250 2395 nesciremus,
1268 2353 1399 2388 cuinam
1421 2353 1572 2398 egregiis
1589 2354 1692 2387 armis

877 2400 1030 2435 indutum
1043 2402 1227 2435 Hectorem
1247 2400 1524 2445 comparaverint
1533 2399 1693 2443 Trojani.

923 2448 1135 2483 216-218.
1176 2458 1196 2480 e
1219 2447 1322 2480 sociis
1355 2446 1390 2480 hi
1423 2450 1542 2486 erant,
1580 2451 1619 2478 ut
1648 2457 1692 2480 ex

878 2493 956 2528 220.
990 2493 1173 2538 intelligas.
1210 2504 1352 2537 quorum
1379 2493 1548 2526 Mesthles
1579 2491 1691 2525 duce-

878 2539 940 2573 bat
971 2540 1149 2584 Paeones,
1196 2539 1253 2582 β’,
1290 2539 1396 2580 864.
1386 2551 1396 2559 ·
1452 2538 1692 2594 Thersilochuf

878 2586 993 2620 Paeon
1026 2586 1114 2627 fuit,
1148 2597 1245 2631 quem
1276 2585 1424 2619 Achilles
1447 2584 1613 2618 interficit
1637 2581 1690 2628 φ’,

875 2633 966 2673 209;
992 2632 1255 2678 principumque
1276 2632 1429 2676 ejusdem
1453 2631 1567 2675 gentis
1587 2634 1688 2664 Aste-

875 2689 1022 2721 ropaeus
1055 2678 1144 2724 (φ’,
1178 2677 1255 2714 154.
1301 2678 1346 2711 cf.
1382 2677 1526 2711 inferius
1559 2676 1689 2719 3514)

875 2725 1093 2768 Hippothous
1124 2728 1235 2758 autern
1262 2724 1483 2768 Pelasgorum
1516 2723 1584 2756 dux
1617 2722 1688 2766 (β’,

875 2770 992 2814 840.),
1017 2772 1187 2816 Phrygum
1212 2771 1357 2812 Phorcys
1366 2753 1450 2811 ι,(ἰὶ).
1474 2770 1552 2803 862.
1593 2769 1688 2812 Φόρ-

875 2819 971 2852 κῦνο,
990 2817 1080 2851 dixit
1095 2817 1239 2851 inferius
1255 2816 1366 2859 312..)
1386 2816 1561 2858 M>sorum
1581 2814 1688 2848 Chro-

875 2865 983 2904 mins,
1019 2875 1116 2909 quem
1143 2864 1305 2896 Chromin
1330 2862 1482 2895 nominat
1511 2860 1566 2905 β’
1592 2861 1686 2902 853.,

875 2909 1024 2954 itemque
1051 2911 1246 2950 Ennomu33
1279 2908 1386 2942 ceteri
1411 2912 1550 2952 praeter
1574 2906 1686 2941 Glau-

875 2968 949 2990 cum
974 2960 1055 2990 sunt
1080 2956 1226 2990 obscuri.
1266 2956 1316 2988 Ex
1341 2955 1385 2988 Ιί

921 3004 1045 3037 220-
1057 3002 1138 3037 224.
1183 3001 1286 3035 Sch.·
1295 3001 1463 3054 φῦληα
1498 2995 1578 3042 (β’,
1602 2998 1684 3041 369,

874 3049 942 3085 840
959 3049 1048 3092 etc.)
1072 3047 1178 3092 ἔθνη,
1202 3045 1305 3092 γένηῖ
1346 3043 1681 3090 περικτιόνων.

1335 3108 1363 3146 2
1382 3104 1404 3129 ιιι
