1847 3277
108 163 192 202 320

741 159 1145 203 ΟΜΗΡΟΥ

281 271 487 327 ἄσχετον,
518 269 600 315 οὐκ
630 270 869 322 ἐπιεικτόν,
898 271 989 313 ἐπεί
1018 281 1170 340 σφισιν
1202 270 1313 325 ἕρμα
1342 269 1506 341 πόληος

167 332 250 374 550
285 329 398 375 ἔσκε.
429 329 501 372 καὶ
533 327 778 399 ‹inpffaazdg
807 343 886 380 περ
917 326 1021 369 ἐών·
1053 326 1202 376 πολέες
1230 327 1313 382 γὰρ
1346 326 1416 380 ἅμ’
1449 329 1568 388 αὐτῷ

279 385 379 427 λαοὶ
409 384 572 437 ἕποντ’,
605 385 651 426 ἐν
681 383 724 426 δ’
758 383 890 433 αὐτὸς
922 382 1194 436 ἀριστεύεσκε
1224 370 1451 437 μάχεσθαι.

279 442 423 495 βάνδ

431 441 574 492 ’ἰθὺς
604 443 797 483 Δαναῶν
826 440 1095 494 λελιημένον
1126 444 1229 494 ἦρχε
1261 440 1304 483 δ’
1336 441 1422 493 άρα
1453 454 1560 500 σφιν

266 497 455 557 ‘'Em-cog),
487 498 703 552 χωόμενος
733 496 1040 552 Σαρπηδόνος
1086 496 1227 550 αὐτὰρ
1252 496 1451 552 Ἀχαιούς

281 559 393 606 ὠρσε
425 554 730 597 Μενοιτιάδεω
766 557 1053 608 Πατροκλῆος
1081 554 1237 596 λάσιον
1265 559 1361 623 κῆρ.

163 616 246 658 555
275 614 436 654 Adam
466 611 622 664 πρώτω
652 609 872 664 προσέφη
903 615 1097 665 μεμαῶτε
1127 610 1199 652 καὶ
1232 609 1371 653 αὐτώ·

348 670 589 719 ,Αίαντες,
619 671 704 709 νῦν
735 670 879 721 σφῶϊν
903 650 1157 720 ἀμύνεσθαι
1188 669 1320 721 φίλον
1351 668 1472 720 ἔστω,

279 721 367 768 οἷοί
396 740 475 776 περ
508 723 648 793 πάρος
678 720 750 779 ἦτε
782 722 867 774 μετ’
900 722 1135 776 ἀνδράσιν,
1165 723 1192 778 ἢ
1222 724 1295 766 καὶ
1326 723 1514 778 ἀρείους.

277 787 416 825 κεῖται
447 780 581 835 οένὴρ,
613 779 661 830 ὃς
693 783 866 830 πρῶτος
897 779 1075 834 ἐσηλατο
1106 785 1243 833 τεῖχος
1267 779 1464 848 Ἀχαιῶν,

276 837 552 908 Σαρπηδών·
589 835 677 880 ἀλλ’
715 839 754 880 εἴ
782 853 856 890 μιν
888 835 1198 891 ἀεικισσαίμεθ’
1230 836 1411 888 ἑλόντες,

167 898 250 941 560
293 894 470 965 τεύχεά
473 892 504 937 τ’
537 892 690 948 ὤμοιϊν
722 892 1017 948 ἀφελοίμεθα,
1052 895 1126 936 καί
1151 892 1231 936 τιν’
1260 892 1444 947 εταίρων

278 950 414 995 αὐτοῦ
445 950 735 1020 ἀμυνομένων
767 951 1077 1004 δαμασαίμεθα
1106 949 1228 1005 νηλέι·
1254 955 1422 1007 χαλκῷ
1419 955 1463 978 '“

346 1007 513 1079 Ὼςέφ
518 1005 615 1050 αθ’·

649 1009 693 1050 οἱ
722 1006 768 1050 δε
798 1007 871 1049 καὶ
902 1005 1026 1049 αὐτοὶ
1059 1006 1296 1057 ἀλέξασθαι
1325 1007 1567 1060 μενέαινον.

280 1065 323 1107 οἱ
353 1063 397 1108 δ’
430 1063 521 1108 ἐπεὶ
552 1062 867 1118 ἀμφοτέρωθεν
897 1062 1194 1116 ἐκαρτύναντο
1226 1064 1468 1135 φάλαγγας,

286 1124 433 1174 Τρῶες
461 1121 533 1165 καὶ
563 1120 743 1168 Λύκιοι,
771 1120 844 1163 καὶ
877 1119 1166 1174 Μυρμιδόνες
1193 1121 1266 1163 καὶ
1290 1119 1477 1175 Ἀχαιοὶ,

170 1180 252 1224 565
287 1177 513 1249 ξύμβαλον
541 1175 655 1232 ἀμφὶ
686 1177 809 1221 νέκυι
839 1181 1183 1248 κατατεθνηωτι
1193 1176 1421 1232 μάχεσθαι,

282 1237 428 1278 δεινὸν
456 1233 689 1284 αὕσαντες·
719 1234 827 1287 μέγα
856 1233 898 1276 δ’
927 1234 1078 1288 ε’βραχε
1108 1233 1261 1288 τεύχεα
1294 1237 1464 1288 φωτῶν.

283 1291 393 1341 Ζεὺς
424 1290 466 1334 δ’
496 1290 564 1334 ἐπὶ
594 1288 715 1333 νύκτ’
751 1289 884 1345 ὀλοὴν
914 1291 1074 1332 τάνυσε
1103 1293 1291 1359 κρατερῇ
1320 1290 1500 1346 ὑσμίνῃ,

285 1348 403 1404 ὄφρα
441 1350 554 1406 φίλῳ
585 1348 681 1403 περὶ
712 1347 836 1390 παιδὶ
865 1345 1001 1402 μάχης
1031 1345 1159 1397 ὀλοὸς
1187 1346 1325 1398 πόνος
1355 1349 1433 1404 εἴη.

159 1494 375 1531 549—555
403 1493 612 1551 ἄσχετον.
640 1493 694 1553 (ε’
717 1495 801 1538 892)
823 1491 914 1528 ἄκα-

110 1539 308 1585 τάσχετον,
329 1540 494 1599 ἄφοβον.
532 1540 618 1577 ου’ν.
659 1539 916 1577 ἐπιεικτόν.

110 1587 170 1630 (ε’,
191 1589 212 1621 l.
226 1588 272 1631 c.)
293 1587 338 1623 ου’
356 1589 515 1643 μέτριον,
536 1589 580 1624 ού
594 1586 775 1641 φορητόν.
787 1585 915 1630 ἕριια.

109 1647 276 1678 ερεισμα,
315 1634 501 1679 φύλαγμα.
549 1636 701 1679 (Odyss.
735 1630 797 1675 ψ’,
831 1636 915 1668 121·

108 1680 232 1739 ἡμεῖς
251 1679 288 1715 δ’
323 1695 414 1725 ερμα
448 1681 586 1726 πόληος
618 1680 844 1723 ἀπέκταμεν,
882 1693 917 1714 οι

108 1727 183 1772 μέγ’
210 1726 353 1770 ἄριστοι
378 1727 529 1770 Κούρων
556 1728 607 1762 εἰν
631 1724 767 1770 Ἰθάκῃ.
803 1726 848 1759 cf.
872 1723 917 1766 α’,

108 1774 199 1814 486,
226 1777 332 1819 Apv
336 1801 342 1808 .
364 1774 523 1819 ἕρματα
548 1775 787 1807 Buttmannum
813 1772 917 1805 Leail.

108 1821 136 1855 I.
150 1833 184 1866 p.
196 1824 274 1856 111.
292 1821 488 1855 Theronem
514 1820 660 1863 ἔρεισμα
681 1815 799 1862 'An9022
800 1830 919 1858 αντος

110 1866 198 1901 dixit
218 1866 318 1900 Pind.
338 1868 394 1901 01.
415 1870 448 1908 ⁶2,
463 1869 515 1909 12,
537 1872 577 1900 ut
597 1866 746 1921 Kann.)
771 1864 917 1904 ἔσκεν,

110 1912 176 1958 (η’,
199 1914 284 1951 153,
309 1912 349 1955 ξ’,
373 1915 414 1949 19
436 1908 615 1957 etc.)⁷}v,
639 1908 812 1955 νπῆρχεν.
846 1909 917 1945 άλ-

109 1957 328 1998 λοδαπός.
363 1958 409 2003 (γ’
420 1985 431 2001 ,
456 1960 500 1995 48
521 1960 608 2002 etc)
635 1957 841 2002 ἀλλογενὴς,
865 1955 918 1999 ξέ-

109 2018 186 2046 νος.
229 2017 260 2039 ν.
286 2006 390 2039 Schn.
426 2017 459 2039 V.
484 2003 668 2045 ποδαπός.
700 2004 832 2037 ludicra
866 2007 919 2036 est

109 2053 309 2087 Buttmanni
341 2054 448 2088 Lea-il.
476 2054 502 2086 1.
528 2066 563 2099 p.
591 2054 667 2088 125.
693 2050 823 2084 notatio
852 2049 918 2082 hu-

107 2101 164 2155 jus
195 2100 315 2140 verbi,
352 2101 452 2144 quasi
483 2100 617 2134 ductum
650 2098 696 2131 sit
727 2098 771 2130 ab
806 2092 917 2131 ἄλλου

112 2144 211 2185 ἄπο,
237 2146 259 2179 δ
284 2146 403 2180 littera
425 2146 555 2179 inserta
579 2146 670 2179 inter
694 2143 854 2182 vocales,
880 2146 918 2174 ut

111 2192 148 2226 in
181 2191 390 2235 ἐχθοδοπὸς
424 2192 554 2225 factum
589 2202 665 2225 esse
708 2190 922 2228 arbitratur3

111 2239 201 2283 quod
222 2249 264 2272 ue
285 2240 395 2284 ipsum
416 2239 552 2283 quidem
570 2237 620 2271 ita
640 2248 676 2270 se
695 2235 821 2268 habere
840 2245 921 2267 con-

114 2284 286 2319 cesserim
332 2284 625 2329 λελιημένοι,
662 2284 814 2320 alacres,
847 2279 921 2314 ani-

112 2331 208 2367 mosi.
233 2329 290 2372 δ,
315 2329 382 2366 465
405 2336 470 2366 etc.
494 2350 540 2355 —
590 2325 921 2371 Σαρπηδόνος.

112 2377 218 2432 genit.
256 2388 390 2410 causae.
440 2377 483 2410 ef.
517 2377 607 2417 581,
639 2376 728 2411 585.
760 2375 838 2409 3Ξο
877 2392 922 2397 —-

111 2421 404 2480 λάσιονκῆρ.
434 2423 476 2467 β’,
495 2423 574 2462 851.
600 2420 648 2463 α’,
671 2422 747 2455 189.
768 2438 813 2443 —
845 2418 923 2453 καὶ

111 2467 259 2512 αὖτω,
292 2475 325 2503 et
356 2470 465 2512 ἱρεοε,
498 2480 562 2513 per
586 2479 644 2509 se,
679 2466 812 2501 nemine
836 2465 923 2499 iuci-

111 2520 219 2550 tante.
255 2515 300 2550 cf.
323 2517 392 2550 562
415 2521 480 2548 etc.

157 2563 236 2597 556.
262 2561 360 2594 libri·
391 2561 539 2598 Αἴαντε
564 2559 654 2603 quod
678 2570 763 2591 cave
785 2558 828 2591 ab
848 2557 922 2590 Ho-

112 2620 204 2642 mero
245 2608 434 2653 profectum
472 2611 584 2651 putes,
633 2605 794 2637 Barnes..
831 2616 922 2647 ,,γρ.

111 2656 273 2693 Αἴαντες.
285 2657 309 2672 “
334 2658 449 2694 recte,
484 2652 558 2685 sive
590 2650 625 2684 id
653 2651 686 2683 in
712 2650 832 2683 codice
858 2649 921 2682 ali-

113 2714 180 2746 quo
209 2699 403 2745 repererit,
437 2699 510 2731 sive
533 2698 582 2731 ita
607 2696 820 2730 scribendum
847 2706 922 2728 esse

112 2746 373 2781 existimaverit.
413 2756 487 2778 nam
514 2743 590 2788 quis
615 2742 756 2782 credat,
788 2744 922 2785 poetam

112 2794 223 2827 iambo
258 2793 463 2836 deturpasse
495 2790 747 2827 hexametrum,
783 2799 854 2820 cum
882 2787 923 2820 li-

113 2845 207 2872 ceret
242 2838 338 2872 salvo
364 2842 472 2871 metro
497 2836 614 2869 dicere
645 2834 825 2873 Δί”.αντες
858 2833 922 2866 imo

114 2886 311 2918 emendator
345 2882 460 2917 nescio
495 2881 572 2927 quis
613 2881 750 2925 ineptus
785 2877 924 2923 scripsit

115 2932 265 2970 Δι’,αντε
297 2929 394 2963 utin
419 2926 673 2980 superioribus,
707 2925 925 2970 quemadmo-

115 2977 193 3009 dum
214 2982 247 3009 et
268 2971 925 3025 ⁶215?codexLipshabetAiavrs,

115 3022 174 3056 sed
200 3021 308 3055 ceteri
342 3020 419 3055 libri
443 3021 551 3054 bene.-
585 3019 746 3059 Αἴαντες.
782 3017 927 3052 miscen-

960 1500 1017 1529 tur
1041 1495 1074 1528 h.
1097 1494 1142 1536 l,
1169 1495 1259 1528 sicut
1282 1493 1430 1539 passim,
1456 1494 1586 1528 formae
1603 1495 1713 1529 dualis
1737 1502 1773 1531 et
1824 1484 1828 1522 ἶ

963 1542 1057 1587 pluro
1044 1542 1115 1574 slis.
1164 1542 1266 1575 sch..
1309 1541 1479 1584 σφῶϊν,
1527 1539 1636 1584 ὑμῖν,
1680 1543 1771 1587 quod

963 1588 1114 1633 pertinet
1139 1588 1180 1621 ad
1207 1587 1414 1631 scripturam
1437 1588 1607 1629 Αιάντες,
1634 1589 1688 1622 cui
1708 1590 1772 1622 ho-
1824 1600 1828 1628 ς

965 1647 1015 1668 mo
1058 1633 1290 1668 accommodat
1332 1634 1475 1667 dualem.
1524 1652 1569 1658 —
1627 1636 1773 1678 φίλον
1825 1660 1827 1674 .,

967 1680 1105 1722 ἔστω,
1140 1682 1277 1724 placeat
1305 1680 1400 1713 cordi
1426 1691 1598 1725 curaeque
1621 1681 1674 1715 sit.
1725 1682 1772 1715 cf.

966 1726 1020 1768 α’,
1046 1726 1134 1767 541,
1159 1725 1250 1766 564,
1278 1723 1334 1770 β,
1361 1727 1427 1760 116
1447 1731 1512 1760 etc.

1010 1797 1090 1831 557.
1125 1794 1226 1830 οἶοί
1253 1806 1334 1835 περ
1359 1813 1404 1818 -
1429 1792 1651 1838 ἀρείους,
1687 1807 1774 1839 qua-
1824 1804 1826 1809 ’

965 1843 1012 1876 lcs
1045 1847 1151 1876 antea
1184 1841 1290 1875 eratis
1320 1841 1410 1873 inter
1439 1842 1548 1881 viros,
1582 1843 1637 1875 vel
1668 1844 1775 1875 etiam

958 1890 1143 1931 fortiores,
1179 1889 1210 1921 h
1239 1899 1269 1920 e.
1304 1886 1451 1942 pristina
1483 1890 1599 1920 vestra
1635 1887 1773 1929 virtute,

966 1935 1020 1968 vel
1045 1934 1146 1968 etiam
1166 1933 1303 1976 majore.
1335 1929 1428 1976 μετ’
1452 1930 1694 1987 ἀνδράσιν,
1721 1936 1774 1967 in-

965 1986 1018 2014 ter
1035 1982 1135 2020 viros,
1157 1980 1193 2013 in
1210 1979 1309 2012 bello.
1337 1980 1380 2012 cf.
1396 1979 1474 2014 492.
1493 1998 1536 2003 —-
1561 1976 1774 2024 ἐσήλατο,
1822 1991 1825 1997 ”

965 2028 1107 2060 adsiluit
1127 2038 1234 2067 muro,
1259 2025 1290 2057 h.
1316 2037 1345 2058 e.
1366 2024 1505 2058 adsilire
1525 2025 1672 2059 studuit:
1698 2038 1774 2060 nam
1822 2036 1825 2065 ;

964 2074 1115 2116 rejectus
1140 2077 1202 2105 est.
1236 2083 1269 2104 v.
1301 2072 1390 2110 598,
1415 2069 1472 2112 μ’,
1493 2073 1584 2113 307,
1614 2073 1702 2114 308,
1739 2078 1775 2106 et
1822 2074 1824 2107 1

967 2120 1009 2152 de
1042 2120 1107 2152 hoc
1140 2118 1237 2151 modo
1272 2116 1409 2150 dicendi
1434 2128 1512 2150 ann.
1548 2116 1591 2149 ad
1623 2118 1775 2162 ejusdem
1823 2143 1825 2161 ;

966 2164 1045 2198 libri
1071 2166 1125 2200 62.
1152 2182 1197 2187 —
1230 2162 1276 2197 εἴ
1293 2175 1371 2204 μιν
1396 2168 1462 2197 etc.
1489 2163 1597 2196 forma
1622 2165 1704 2200 voti.
1741 2176 1774 2198 ν.

967 2222 1043 2244 ann.
1076 2211 1120 2244 ad
1155 2208 1185 2244 ο’
1199 2233 1211 2263 ’.
1234 2211 1313 2244 570.
1336 2229 1380 2233 -
1421 2210 1501 2243 καί
1534 2205 1618 2243 τιν’
1653 2209 1708 2246 ἓτ.
1742 2215 1776 2245 et

967 2258 1119 2301 quemvis
1143 2256 1308 2289 sociorum
1329 2256 1409 2297 ejus.
1436 2255 1563 2290 Matth.
1583 2257 1615 2297 ἓ.
1638 2255 1719 2298 487,
1739 2257 1774 2292 2.
1821 2291 1824 2302 ¹

970 2322 1010 2327 —-
1044 2304 1215 2357 δαμασ.
1249 2299 1301 2345 γ’,
1334 2303 1422 2342 352,
1458 2298 1505 2341 ε’,
1542 2302 1608 2337 106
1633 2308 1699 2336 etc.
1729 2321 1775 2327 —
1821 2322 1824 2343 ;

968 2348 1160 2394 νηλέιχ.
1183 2345 1351 2392 y'‚292,
1421 2347 1525 2389 ,348
1549 2351 1616 2382 etc.
1821 2347 1824 2362 ·'

1013 2418 1136 2454 562-
1148 2417 1226 2453 567.
1253 2414 1531 2458 ἀλέξασθαι.
1554 2415 1598 2457 ν’,
1619 2415 1688 2451 475
1708 2420 1775 2450 etc.
1821 2418 1824 2422 ’

969 2484 1013 2489 -
1059 2464 1160 2498 Sch.:
1197 2461 1536 2505 ἐκαρτύναντο.
1571 2461 1649 2506 (λ’
1677 2463 1774 2506 215.)
1822 2476 1825 2485 ’

969 2512 1271 2554 ἰσχυροποίησαν,
1292 2507 1553 2564 ἠσφαλίσαντο.
1577 2525 1620 2533 -
1643 2508 1780 2543 νέκυι
1822 2516 1823 2520 ’

967 2571 1062 2592 κατ.
1075 2563 1147 2598 ‚ut
1170 2558 1251 2592 526.
1276 2568 1308 2590 v.
1327 2555 1481 2599 η’,4Ο9,
1507 2552 1549 2596 σ’,
1565 2554 1713 2588 540etc.
1733 2573 1777 2580 —
1820 2563 1823 2594 ᾗ

969 2603 1146 2648 ε’βραχε.
1171 2602 1249 2638 468.
1276 2620 1321 2627 --
1357 2614 1525 2642 νυκτα,
1548 2605 1694 2641 noctem,
1715 2612 1777 2634 ne-
1821 2627 1824 2633 ,

968 2651 1098 2690 bulam,
1125 2648 1321 2693 caliginem
1349 2659 1448 2692 quam
1468 2646 1698 2700 pugnantibus
1723 2647 1778 2680 of·
1821 2661 1824 2667 f

969 2697 1082 2729 fundit
1099 2695 1257 2740 Jupiter,
1282 2704 1368 2738 quo,
1394 2704 1509 2737 parum
1535 2692 1603 2725 inis
1627 2693 1779 2726 videnti·
1822 2687 1824 2710 Γ

968 2743 1052 2782 bus,
1086 2743 1194 2786 major
1227 2739 1272 2772 sit
1302 2740 1425 2772 caedes
1449 2739 1483 2772 in
1510 2739 1669 2772 honorem
1693 2739 1779 2772 Sar-

970 2787 1113 2832 pedonis
1148 2786 1220 2820 filii.
1269 2785 1314 2818 cf.
1349 2783 1427 2819 460.
1464 2785 1547 2818 alias
1581 2784 1645 2818 hoc
1679 2784 1778 2818 modo
1824 2781 1826 2787 ’

970 2801 1025 2867 &el
1059 2833 1126 2878 ipsi
1166 2831 1335 2866 hominum
1375 2835 1596 2875 conspectum
1633 2830 1780 2885 fugiunt
1822 2831 1824 2833 ’

970 2880 1039 2919 dii,
1065 2879 1142 2919 vel,
1171 2889 1256 2922 quos
1277 2881 1409 2918 amant,
1433 2877 1534 2910 morti
1554 2882 1613 2910 aut
1633 2875 1780 2932 ignomi-
1822 2889 1825 2894 ·

971 2926 1048 2959 niae
1083 2924 1251 2969 eripiunt.
1284 2935 1317 2955 v.
1350 2923 1402 2966 γ’,
1422 2923 1509 2963 381,
1535 2922 1585 2964 ε’,
1612 2924 1697 2966 186,
1723 2919 1777 2964 ψ’,
1820 2926 1825 2936 “

973 2973 1049 3006 188.
1074 2976 1109 3004 et
1128 2981 1217 3014 quae
1243 2974 1424 3013 praeterea
1446 2968 1587 3002 Homeri
1606 2969 1683 3003 loca
1705 2968 1780 3002 lau-
1820 2971 1828 3011 ’ς

972 3018 1070 3051 davit
1092 3015 1308 3051 doctissimus
1331 3015 1391 3060 Sp.
1417 3026 1475 3060 ap
1500 3015 1547 3050 K.
1821 3013 1823 3017 “
