1847 3277
653 127 1220 169 EMENDANDA.
1678 129 1761 169 317

116 237 196 271 bien
225 249 304 272 sans
331 238 431 272 doute
457 249 522 282 que
554 241 630 272 tous
654 251 710 272 ces
743 238 846 272 dieux
871 237 1030 275 n'etaient
1062 237 1158 281 point
1184 239 1270 272 e'clos
1301 238 1347 272 du
1374 248 1519 271 cerveau
1539 238 1598 271 des
1623 239 1759 281 poete33

115 284 198 317 mais
224 286 356 318 n’osant
387 289 546 328 attaquer
573 290 804 318 ouvertement
827 285 875 318 les
898 283 1140 328 superstitious
1167 284 1210 316 de
1237 295 1297 317 son
1317 283 1442 325 sileoie,
1472 286 1648 329 peut—etta
1669 285 1757 318 crai-

115 333 222 372 gnant
245 330 277 363 la
300 330 399 374 cigue
423 331 466 362 de
492 328 656 370 Socrate,
688 330 712 362 il
739 330 877 374 rejetait
899 341 960 363 sur·
988 330 1021 362 la
1047 329 1164 372 poesie
1189 334 1300 362 toutes
1326 329 1374 362 les
1404 329 1597 363 absurdites
1619 330 1679 373 qui
1702 333 1758 364 re-

116 374 302 419 pugnaient
326 374 346 408 a
369 386 407 408 sa
436 374 571 413 raison3
606 381 641 408 et
670 377 802 419 quand,
836 375 998 419 quelques
1024 385 1128 418 pages
1167 374 1239 417 plus
1269 374 1359 414 loin,
1389 374 1413 406 il
1441 386 1585 420 propose
1611 375 1654 409 de
1679 386 1757 408 ren-

114 431 221 463 voyer
244 420 276 453 le
295 421 414 464 poete,
437 431 480 453 en
509 421 702 463 repandant
729 420 790 454 des
821 421 971 464 par-sums
998 431 1057 453 sur
1076 431 1114 453 sa
1133 423 1226 460 tete,
1251 431 1292 452 en
1313 420 1344 452 le
1369 425 1582 455 couronnant
1605 420 1650 454 de
1673 421 1757 454 ban-

113 465 278 506 delettes‚
302 465 326 499 il
350 476 387 499 se
406 469 478 498 sert
498 465 596 498 d'une
619 466 815 509 expression
846 466 905 510 qui
937 470 1048 500 certes
1069 477 1112 498 ne
1130 465 1290 498 convient
1315 465 1499 499 nullement
1523 465 1543 499 ὲ
1570 478 1615 500 un
1638 465 1758 511 simple

111 510 292 544 inventeur
319 510 362 544 de
384 510 519 543 fictions
542 516 578 543 et
604 510 648 544 de
669 522 891 555 mensongesz
927 511 1174 546 llonorons-lc.
1201 510 1310 544 dit—il.
1336 522 1461 546 comme
1487 524 1534 545 un
1553 513 1624 547 e‘tre
1648 514 1758 554 sacre',

108 559 377 600 προσκυνοῖμεν
399 553 446 590 ἂν
477 554 612 597 αὐτὸν,
643 553 692 596 αἷς
727 556 836 600 ἱερόν.
876 556 978 601 (ibid.
1004 568 1036 601 p.
1063 556 1162 599 284.)
1201 555 1254 589 En
1283 555 1390 596 effet,
1426 558 1509 590 dans
1536 557 1569 592 la
1593 557 1758 603 premiere

108 602 299 646 antiquite‚
333 602 384 635 les
412 603 528 646 poetes
552 603 683 635 etaient
710 602 758 636 les
786 603 877 637 seuls
905 601 1065 646 gardiens
1096 603 1157 635 des
1189 600 1371 636 traditione
1395 604 1546 643 sacre'es,
1580 603 1758 649 puisqu'ils

104 648 297 681 revetaient
323 647 403 681 d'un
432 647 577 691 langage
604 648 804 692 partimiier
833 649 890 692 (2)
919 650 967 683 les
998 659 1186 693 croyauces
1223 648 1282 682 des
1320 649 1462 692 peuples
1492 653 1527 682 et
1553 650 1642 684 leurs
1675 649 1756 684 faits

100 692 317 738 historiques.
345 693 393 726 M.
442 727 445 728 ⁷
473 706 477 707 ⁷

195 742 246 780 Β,
271 742 326 774 20.
375 739 513 773 adstant
536 750 641 783 supra
670 744 774 783 caput
794 738 1027 774 dormientium
1056 738 1206 780 somnia,
1232 739 1370 772 umbrae
1402 743 1437 772 et
1463 739 1533 782 dii,
1560 739 1666 775 sicubi
1692 752 1755 786 per

102 795 248 818 somnum
273 790 441 829 apparent
460 785 659 818 hominibus.
706 787 749 818 de
780 785 904 818 umbris
930 796 963 818 v.
990 785 1090 818 etiam
1116 783 1170 825 ψ’,
1193 785 1260 825 63,
1294 785 1336 818 de
1362 784 1425 817 diis
1451 785 1578 830 Odyss.
1605 786 1651 827 δ’,
1675 789 1754 823 803.

104 830 147 863 de
172 830 310 864 somniis
339 830 394 864 M:
434 830 565 871 „Cette
590 830 705 864 fiction
735 831 820 864 tient
843 831 863 864 a
888 843 926 864 ce
948 843 1036 875 que,
1061 831 1145 863 dans
1169 829 1218 864 les
1240 830 1334 863 ide'es
1365 830 1521 870 d’Hom.,
1547 832 1596 865 les
1619 833 1755 878 Songes

103 880 182 909 sont
204 875 247 909 de
269 876 454 909 veritables
480 875 638 909 divinites
671 877 726 920 qui
754 879 914 910 revetent
946 888 1011 910 une
1042 876 1149 909 forme
1182 876 1349 909 humaine.
1391 896 1426 901 —
1465 877 1562 910 Voila
1587 878 1756 923 pourquoi

104 920 196 955 aussi
221 922 321 957 Hom.
344 934 382 955 se
405 926 478 955 sert
500 922 543 955 de
572 922 606 955 la
636 925 741 956 meme
765 928 948 963 tournuoe,
984 921 1097 965 quand
1126 922 1151 954 il
1185 927 1237 955 est
1263 920 1418 964 question
1445 921 1487 955 de
1520 933 1754 969 personnages

103 967 163 1011 qui
187 967 338 1010 agissent
367 968 450 1001 dans
475 978 530 1001 ses
561 968 707 1012 poemeS.
756 967 872 1009 Ainsi,
905 968 1041 1011 lorsque
1070 967 1101 1000 la
1133 966 1245 1001 vieille
1274 967 1444 1011 Euryclee
1470 968 1673 1012 s'approche
1707 970 1753 1004 de

104 1012 274 1057 Penelope
297 1013 488 1053 endon-mie,
517 1021 552 1046 et
576 1013 697 1058 qu’elle
724 1026 760 1047 se
789 1014 922 1058 ‹lispose
947 1013 967 1047 ὲ.
989 1014 1020 1046 la
1046 1012 1225 1054 reveiiler‚
1248 1013 1273 1046 il
1297 1021 1349 1046 est
1377 1014 1429 1045 dit
1451 1014 1574 1057 qn'elle
1593 1026 1628 1047 se
1651 1017 1753 1058 place

101 1069 161 1091 sur
190 1059 226 1092 la
258 1061 328 1093 tete
356 1061 398 1092 de
436 1060 636 1102 Pe‘nfflope.“
683 1061 749 1103 στῆ
783 1056 821 1093 δ’
844 1058 908 1103 13‘9’
941 1055 1033 1100 ὑπὲρ
1065 1060 1235 1101 κεφαλῆς.
1283 1059 1441 1092 similiter
1469 1061 1561 1104 apud
1594 1061 1690 1104 Virg.
1715 1061 1752 1103 4,

101 1104 182 1140 702.
229 1105 294 1138 Iris
322 1105 461 1138 Didonis
483 1117 589 1148 supra
610 1111 713 1148 caput
731 1106 878 1140 adstitit.
925 1111 960 1140 et
984 1108 1026 1138 de
1050 1105 1138 1149 HJIa
1153 1131 1160 1145 ‚
1186 1116 1247 1150 per
1273 1116 1420 1137 somnum
1444 1113 1633 1149 apparente
1659 1108 1752 1141 Her-

100 1150 187 1190 culi,
213 1151 327 1184 valer.
361 1151 476 1184 Flacc.
507 1152 632 1194 Argon.
657 1149 697 1191 4,
721 1150 797 1185 24:
831 1158 992 1195 stansque
1022 1162 1124 1194 super
1142 1163 1258 1184 carum
1282 1151 1370 1184 tales
1389 1156 1492 1193 caput
1518 1153 1617 1184 edere
1638 1163 1747 1188 voces.

102 1195 133 1228 E
158 1196 205 1229 M.
254 1197 404 1240 pendere
426 1195 460 1228 in
489 1198 569 1229 aere
594 1195 768 1240 finguntur
800 1196 962 1240 ejusmodi
990 1208 1155 1239 personae
1183 1208 1286 1241 supra
1315 1196 1530 1229 dormientes.
1583 1198 1749 1243 Polydori

100 1242 218 1275 umbra
248 1254 301 1286 ap.
331 1241 453 1287 Eurip.
479 1242 622 1274 Hecuba
652 1245 729 1276 30.:
760 1243 828 1276 νῦν
855 1241 891 1276 δ’
917 1240 1032 1284 ὑπὲρ
1068 1241 1248 1286 μητρὸς
1283 1244 1390 1286 φίλης
1422 1241 1576 1287 Ἑκάβης
1615 1242 1747 1289 ἅΐσσω,

97 1286 196 1331 σῶμ’
224 1285 414 1333 ἐρημώσας
439 1287 539 1331 ἐμὸν,
567 1290 741 1330 Τριταῖον
765 1287 837 1331 ἤδη
862 1287 993 1333 φέγγος
1021 1287 1368 1332 αἰωρούμενος.
1393 1306 1435 1311 ——
1473 1290 1550 1322 166.
1575 1293 1748 1333 γλαυκ-

98 1334 225 1372 «fibrae.
281 1333 375 1367 Voss.
401 1332 447 1373 α’,
473 1335 552 1369 206.
584 1338 620 1366 et
654 1334 738 1367 alias
774 1335 874 1378 (nam
912 1335 966 1367 hic
998 1333 1132 1379 quidem
1165 1334 1201 1366 id
1234 1334 1409 1378 epitheton
1434 1345 1497 1366 non
1524 1338 1744 1382 expressit)t

96 1379 323 1425 blauaz’igige.
371 1380 498 1412 malim:
531 1379 783 1424 glanzau‘gige.
832 1391 864 1414 v.
897 1380 1001 1413 Schn.
1026 1393 1058 1412 v.
1082 1379 1250 1423 γλαυκός.
1299 1383 1363 1424 Ap.
1388 1392 1408 1412 v
1443 1382 1675 1423 γλαυκώπιςε
1698 1404 1746 1409 -

94 1426 366 1468 γλαῡκιόων
390 1421 427 1459 δ’
463 1426 579 1465 ἰθύς
611 1424 805 1469 φέρεται
831 1425 968 1468 (λέων).
1016 1424 1098 1460 οἷον
1130 1427 1300 1467 πυρῶδες
1322 1425 1475 1470 βλέπων.
1524 1428 1588 1461 dcc}
1615 1427 1654 1462 δὲ
1679 1431 1745 1474 τῆς

94 1469 217 1516 ὄψεως
239 1473 304 1508 καὶ
326 1472 367 1508 τὸ
393 1472 458 1514 τῆς
480 1471 650 1511 διανοίας
673 1473 842 1514 πυρώδές
866 1470 997 1514 ὁρᾶται
1030 1473 1095 1514 τῆς
1117 1473 1224 1506 θεοῦ.
1273 1470 1392 1514 ὥσπερ
1419 1469 1458 1506 δὲ
1487 1471 1578 1513 Ζεῦ-ς
1602 1476 1745 1519 εἴρηται

92 1518 195 1562 παραὶ
218 1517 260 1554 τὸ
285 1520 370 1564 ζῇν,
395 1515 514 1558 οὕτως
537 1517 595 1561 (⁴2)
619 1518 680 1553 καὶ
706 1516 726 1563 ἦ
748 1517 885 1559 Ἀθηνᾶ
909 1517 981 1553 ἀπὸ
1007 1519 1075 1552 τοῦ
1100 1518 1224 1552 αἴθειν
1248 1518 1315 1561 (ita
1344 1519 1471 1552 Villois.
1498 1531 1678 1564 perperam
1702 1522 1745 1556 li-

92 1564 166 1598 bri:
190 1565 339 1606 αἴθην.)
363 1563 401 1599 ἐκ
432 1565 497 1608 τῆς
530 1563 664 1607 ὅψεως.
697 1583 739 1588 -
779 1566 858 1598 206.
891 1565 919 1597 B
944 1564 1125 1597 secundum
1151 1565 1293 1598 Dionem
1317 1564 1497 1608 chrysost.
1523 1565 1623 1599 Orat.
1650 1569 1680 1601 1.
1706 1580 1745 1613 p.

89 1609 146 1646 47.
171 1611 228 1645 ed.
255 1611 410 1645 Venetae
434 1617 469 1644 et
491 1611 568 1644 cod.
591 1610 678 1654 Reg.
702 1611 826 1645 2958.:
851 1629 894 1634 -—
909 1610 970 1644 ἵνα
993 1613 1098 1653 σφίσι
1122 1608 1327 1656 βουλεύῃσι.
1377 1613 1504 1644 fatetur
1533 1618 1643 1645 tamen
1667 1614 1746 1648 fieri

90 1667 212 1701 posse,
244 1663 285 1690 ut
316 1657 476 1692 memoria
505 1655 674 1689 vacillarit
703 1656 788 1697 Dio,
823 1667 898 1688 cum
921 1655 1043 1689 similia
1066 1657 1206 1699 legisset
1230 1654 1265 1696 ι’,
1287 1659 1343 1692 99.
1381 1656 1480 1689 nobis
1512 1657 1645 1700 qu²dem
1676 1658 1746 1694 fuit

89 1713 164 1736 cum
187 1703 376 1748 ponendum
400 1702 576 1736 videretur
600 1702 664 1736 ἰ”να
691 1701 812 1745 φωσὶν
835 1704 940 1746 βασ.,
965 1707 1003 1735 ut
1021 1702 1106 1735 viris
1124 1703 1287 1745 imperet,
1313 1703 1452 1736 necdum
1477 1703 1631 1745 poenitet
1661 1716 1744 1739 con-

84 1748 258 1792 jecturae,
273 1749 426 1792 quamvis
444 1748 580 1782 dativus
600 1748 696 1792 φωσὶ
722 1760 786 1781 non
810 1748 944 1791 legatur
968 1759 1022 1792 ap.
1049 1747 1160 1788 Hom„
1186 1749 1242 1791 qui
1262 1749 1459 1788 frequentat
1485 1749 1592 1791 φῶτα
1610 1756 1645 1783 et
1663 1751 1742 1794 φαῖ-

87 1806 162 1835 τας.
188 1813 233 1819 -
257 1797 336 1829 212.
370 1795 413 1828 de
440 1795 596 1828 Thersite
620 1794 829 1828 Philoctetes
854 1806 907 1838 ap.
934 1794 1040 1837 Soph.
1068 1793 1156 1827 Phil.
1181 1793 1282 1829 418:
1317 1795 1552 1838 Θερσίτης
1575 1809 1649 1836 τις
1671 1793 1740 1841 ἦν,

77 1835 157 1880 “Oc
181 1838 264 1876 οὔκ
289 1839 344 1875 ἂν
367 1837 509 1876 εἵλετ’
534 1839 739 1883 εἰσάπαξ
763 1841 939 1879 εἰπεῖν,
963 1838 1082 1874 ὅπου
1108 1841 1290 1883 Μηδεὶς
1315 1839 1425 1888 ἐῴη,
1456 1840 1661 1883 τουτέστιν,
1687 1844 1741 1877 in-

86 1886 161 1930 quit
186 1887 236 1928 E,
263 1885 359 1921 οὕτω
383 1885 529 1928 θρασὺς
551 1883 616 1930 ἦν,
641 1884 734 1921 ὥστε
757 1886 818 1920 καὶ
842 1884 1071 1928 κωλυόμενός
1094 1899 1129 1919 τι
1151 1886 1280 1930 λέγειν,
1307 1884 1357 1928 ὥς
1373 1885 1422 1928 μὴ
1449 1886 1533 1921 δέον
1556 1888 1738 1933 λέγεσθαι,

84 1931 107 1967 ὁ
132 1929 172 1966 δὲ
197 1933 239 1967 τὸ
264 1930 356 1969 αὐτὸ
379 1932 552 1972 πολλάκις
575 1931 701 1968 ἐλάλει.
749 1943 916 1976 nunquam
951 1933 1047 1965 Hom.
1081 1932 1144 1966 nisi
1178 1944 1198 1966 a
1223 1937 1321 1976 parte
1346 1933 1513 1966 describit
1536 1934 1740 1979 pulcritudi-

82 1989 158 2012 nem
182 1979 346 2013 hominum
365 1985 425 2013 aut
448 1979 609 2018 deorum3
632 1983 751 2022 turpes
773 1986 886 2011 autem
911 1979 1002 2011 viros
1031 1979 1098 2011 duo
1122 1979 1302 2020 produxit,
1339 1979 1527 2013 Thersiten
1561 1987 1598 2014 et
1619 1981 1737 2027 Eury-

82 2024 206 2065 baten‚
235 2025 367 2070 Ulyssis
393 2037 608 2070 praeconem,
633 2025 758 2069 Odyss.
783 2023 826 2065 τ’,
847 2023 968 2060 244-
983 2023 1064 2064 248,
1088 2025 1264 2068 gibbosum
1288 2025 1424 2069 quidem
1451 2032 1650 2070 utrumque,
1673 2028 1736 2062 sed

79 2070 172 2104 illum
195 2071 382 2115 improbum
408 2083 448 2104 ac
471 2070 704 2110 temerarium,
741 2072 830 2104 hunc
861 2071 1001 2113 probum
1033 2076 1070 2104 et
1102 2073 1312 2114 prudentem.
1369 2071 1534 2105 numinum
1563 2071 1643 2106 item
1674 2085 1737 2118 par

80 2116 180 2150 finxit
203 2122 326 2162 turpe,
350 2117 454 2162 idque
479 2123 513 2150 et
536 2117 644 2162 ipsum
668 2116 785 2149 eodem
810 2116 893 2150 vitio
919 2116 1144 2156 claudicandi‚
1174 2117 1354 2150 Vulcanum
1380 2123 1415 2151 et
1439 2117 1573 2160 Λιτάς,
1603 2119 1734 2163 Preces,

78 2161 174 2195 Jovis
196 2163 296 2204 filias,
321 2175 406 2207 quas
432 2167 614 2204 praeterea
638 2162 753 2205 ρυσας
777 2173 912 2206 quoqne
936 2166 971 2196 et
997 2164 1245 2207 παραβλῶπας
1267 2160 1452 2204 ὀφθαλμοὶ
1478 2175 1554 2198 esse
1579 2163 1628 2198 ait
1650 2165 1734 2200 alle-

78 2207 206 2251 gorice.
254 2209 388 2254 pariter
412 2208 573 2253 Virgilius
593 2209 677 2242 satis
702 2208 819 2242 habuit
837 2208 1002 2241 Didonem
1028 2209 1202 2253 appellare
1215 2212 1334 2251 forma
1358 2210 1623 2253 pulcherrimam
1648 2213 1731 2247 Aen.

81 2256 118 2292 1.
143 2254 418 2295 500‚⁷Catullus
442 2257 475 2291 2.
507 2254 710 2288 desiderium
744 2265 834 2287 suum
867 2255 978 2287 nitens
1010 2261 1075 2288 etc.
1115 2266 1254 2299 quorum
1288 2256 1483 2290 modestiam
1515 2257 1641 2290 utinam
1672 2257 1733 2291 alii

77 2297 199 2333 imitati
221 2306 347 2340 essent,
371 2313 435 2335 nec
458 2301 572 2334 verbis
596 2301 791 2334 describere
812 2305 1024 2341 tentassent,
1043 2311 1130 2344 quae
1155 2313 1319 2335 marmore
1342 2309 1469 2335 tantum
1495 2302 1732 2348 coloribusque

78 2345 196 2389 effingi
225 2347 388 2390 possunt!
420 2347 515 2380 velut
537 2352 739 2391 personatus
764 2346 871 2379 Dares
893 2347 980 2380 libro
1005 2347 1047 2379 de
1071 2347 1204 2381 excidio
1231 2347 1361 2391 Trojae
1386 2360 1414 2381 c.
1444 2350 1495 2383 12.
1521 2354 1556 2381 et
1582 2349 1633 2383 13.
1669 2351 1730 2383 de-

77 2391 218 2434 scripsit
241 2393 284 2425 ab
308 2403 346 2425 se
368 2393 486 2433 visos,
511 2392 540 2426 si
563 2392 630 2425 diis
654 2394 784 2437 placet,
811 2393 932 2425 heroas
956 2397 990 2426 et
1011 2393 1167 2426 heroinas
1193 2393 1407 2435 Homericas3
1441 2393 1474 2426 in
1500 2393 1626 2438 quibus
1653 2395 1730 2429 Bri-

77 2436 200 2470 seidem
217 2440 430 2480 formosam,
457 2440 532 2471 alea
556 2443 712 2477 statura,
737 2439 939 2478 candidam,
966 2439 1090 2482 capillo
1106 2441 1204 2481 flavo
1229 2445 1261 2472 et
1289 2442 1402 2479 molli,
1435 2441 1624 2482 superciliis
1642 2442 1730 2483 jim—

76 2483 150 2521 ctis,
175 2485 280 2516 oculis
301 2486 464 2524 venustis,
489 2496 625 2527 corpore
649 2485 799 2528 aequali,
824 2485 1004 2524 blandam,
1030 2485 1224 2527 affabilem,
1250 2486 1486 2523 verecundam,
1513 2487 1626 2518 animo
1645 2488 1728 2520 sim-

71 2529 176 2572 plici,
205 2530 323 2572 piam,·
368 2530 519 2563 Ariostus
552 2535 662 2563 autem
699 2531 840 2563 Alcinae
870 2530 1009 2574 imagini
1043 2530 1279 2574 depingendae
1312 2533 1331 2565 5
1364 2532 1522 2574 strophas
1547 2531 1726 2575 impendit,

75 2574 146 2608 Ort.
163 2577 236 2616 fur.
262 2575 304 2616 7,
334 2577 504 2615 11—15‚
529 2576 651 2619 quibus
675 2587 740 2609 non
765 2576 871 2620 magis
896 2580 1008 2609 movet
1032 2577 1158 2610 animos
1191 2577 1350 2610 lectorum
1377 2588 1474 2618 quam
1500 2577 1644 2620 simplici
1668 2578 1726 2613 illo

74 2620 180 2653 verbo
206 2622 259 2655 9.:
293 2622 327 2654 la
355 2622 444 2655 bella
479 2622 607 2655 Alcina.
641 2641 683 2646 —
727 2622 806 2656 238.
840 2622 929 2655 hanc
955 2622 1156 2660 clausulam,
1189 2635 1274 2666 quae
1300 2629 1335 2655 et
1360 2622 1435 2654 aliis
1457 2622 1539 2655 locis
1564 2624 1724 2666 occurrit,

71 2665 191 2698 sumsit
214 2667 360 2700 Horam
394 2668 557 2711 quidquid
586 2667 716 2707 dicam,
750 2672 812 2700 unt
833 2669 916 2709 erit,
942 2673 1085 2700 autnon
1132 2670 1226 2710 (Sat.
1253 2670 1295 2705 2.
1321 2669 1360 2705 5,
1387 2669 1460 2710 59.)
1488 2668 1523 2700 Β.
1560 2688 1603 2693 —
1643 2671 1722 2706 255,

71 2705 207 2752 ἧσαι,
231 2713 348 2753 sedes,
373 2714 494 2746 sedere
518 2713 608 2745 soles
633 2713 760 2746 otiosus
785 2713 818 2746 in
849 2713 972 2746 castris
1019 2725 1049 2746 v.
1079 2711 1124 2753 α’,
1152 2714 1240 2753 134,
1264 2713 1331 2748 416
1356 2721 1421 2746 etc.
1471 2714 1552 2746 mire
1578 2714 1636 2747 M:
1667 2715 1723 2755 „ll

70 2757 145 2790 faut
168 2758 350 2799 observer,
377 2758 512 2803 d'apres
539 2759 584 2791 M.
613 2758 716 2792 Cora'i'
740 2759 894 2800 (Πλουτ.
922 2761 1003 2793 Βιόι
1028 2762 1200 2800 nocentqu
1225 2759 1300 2800 μέρ.
1329 2758 1490 2801 τέταρτ.,
1513 2762 1581 2793 asi.
1608 2761 1674 2795 419
1689 2762 1720 2806 ),

70 2812 136 2846 que
161 2803 192 2836 le
217 2805 319 2838 verbe
343 2801 448 2849 ἧμαι,
476 2802 520 2839 ου’
545 2802 733 2846 κάθημαι,
753 2805 842 2847 joint
867 2805 886 2837 a
911 2805 1147 2850 unnparticipe
1172 2816 1296 2837 comme
1332 2805 1397 2848 ici,
1433 2817 1474 2837 ne
1498 2805 1633 2849 signifie
1658 2818 1719 2851 pas

67 2846 242 2888 s'oeseoir,
266 2851 347 2884 mais
371 2863 406 2884 se
428 2853 561 2893 plaire,
584 2856 751 2883 s’umuser
774 2852 817 2889 ὰς
843 2850 927 2883 ainsi
953 2851 1035 2893 η’σαι
1061 2850 1248 2891 όνειὸίζτον
1273 2857 1355 2885 veut
1381 2851 1473 2884 dire:
1507 2857 1542 2883 ιιι
1568 2857 1599 2884 le
1626 2854 1718 2895 pluis

66 2892 88 2924 ἁ
117 2899 301 2938 outrager,
338 2909 376 2930 ce
409 2897 463 2941 qui
497 2897 607 2929 donne
632 2908 673 2929 un
707 2907 784 2929 sens
808 2898 1002 2929 tres-bonf‘
1048 2908 1168 2929 vereor
1192 2908 1291 2935 sane,
1325 2898 1414 2940 quod
1448 2907 1530 2940 pace
1562 2897 1715 2932 virorum

64 2938 331 2975 doctissimorum
357 2943 522 2985 dixerim,
547 2943 575 2975 is
600 2942 717 2975 modus
742 2942 876 2975 dicendi
902 2947 938 2976 ut
963 2943 1196 2984 pertineat‘ad
1223 2942 1401 2976 Homerum
1427 2950 1460 2975 et
1484 2948 1568 2975 vett.
1599 2943 1712 2977 Grae-
