1847 3277
180 835 407 879 obtemperat.

19 1247 205 1294 scriptum
230 1249 280 1290 ὥς
310 1251 361 1293 (ν.
386 1248 438 1296 β’,
462 1252 553 1293 356,
576 1249 607 1286 κ’
622 1276 632 1292 ,
657 1252 757 1295 351.)
789 1264 848 1286 ra-

39 1303 146 1350 ptum
156 1308 232 1330 esse
256 1307 276 1330 a
299 1296 440 1330 simili·
422 1309 519 1339 -ως,
545 1297 636 1342 quod
661 1297 847 1332 antecedit.

37 1342 88 1376 sic
112 1341 146 1377 α’
158 1344 270 1384 ,.217
304 1344 366 1378 καὶ
390 1341 489 1385 μάλα
519 1356 585 1386 περ
609 1345 722 1398 θυμῷ
746 1357 847 1388 κεχο-

35 1388 221 1431 λωμένον,
265 1388 317 1434 β’,
341 1390 421 1424 270-
457 1390 518 1424 καὶ
549 1388 749 1434 ἀχνύμενοί
780 1403 846 1433 περ

36 1440 166 1516 {ig-S„
154 1435 306 1468 Venetus
336 1436 515 1481 suppletus
549 1444 585 1470 et
620 1437 677 1470 alii
709 1436 847 1481 quidam

36 1526 203 1561 Aldinae.
233 1527 323 1567 τέως
346 1541 404 1571 γε,
438 1533 478 1561 ut
511 1528 635 1573 vulg03

36 1571 147 1615 τέως,
180 1571 314 1618 ἐπειγη
349 1574 563 1608 claudicante
590 1585 706 1615 versu,
740 1574 843 1619 idque

34 1620 108 1653 sine
132 1631 255 1662 causa,
288 1631 361 1665 cum
394 1620 428 1653 in
453 1625 589 1665 promtu
614 1625 707 1654 esset
728 1632 843 1654 reme-

34 1665 137 1699 dium.

84 1723 202 1756 191—
216 1723 295 1758 193.
335 1721 731 1766 καὶ-τάμωμεν.
761 1724 841 1764 197,

33 1766 573 1823 β’,124,,105,256--
616 1770 718 1804 Sch.=
750 1782 844 1812 κρι-

31 1781 254 1870 νάμενος.
278 1813 345 1859 (ι’,
369 1816 438 1850 517
457 1816 544 1859 etc)
576 1813 843 1858 ἐπιλεξάμενος.

32 1859 281 1905 κούρητας.
317 1859 496 1905 κούρους,
519 1862 639 1902 νέους.
684 1864 842 1905 (accentu

33 1907 256 1951 distinguitur
288 1919 407 1941 nomen
438 1908 611 1953 proprium
642 1910 843 1952 Κουρῆτες,

33 1965 126 1988 more
151 1954 376 1988 Graecorum.
423 1956 508 1999 Ap.:
543 1967 720 2000 κουρητες
749 1967 841 1997 προ-

31 1999 316 2042 περισπωμένως
346 2012 413 2043 μεν
445 2002 616 2043 σηιιαίνει
653 2015 742 2037 τους
773 2001 840 2043 τήν

33 2048 237 2089 Πλευρῶνα
270 2047 554 2088 κατοικοῦντας·
599 2050 659 2082 Κο
671 2061 692 2082 υ
708 2061 727 2091 ρ
737 2048 761 2093 ῆ
770 2061 789 2081 τ
801 2046 842 2088 ές

32 2090 67 2127 τ’
94 2091 347 2150 ἐμάχοντο·
379 2090 437 2136 [ι,
462 2094 560 2137 525]
602 2095 838 2150 προπαροξυ-

32 2138 189 2183 νόμενον
223 2137 262 2174 δὲ
291 2141 459 2179 νεανίας·
504 2138 598 2183 ἅμα
630 2137 670 2175 δ’
704 2138 838 2175 αλλοι

35 2185 149 2221 ἔσαν
172 2185 403 2230 κούρητες
423 2185 629 2231 Ἀχαιῶν.
657 2187 737 2221 248.

204 1480 294 1520 τέως
324 1494 410 1525 περ,
446 1482 500 1516 bis
531 1482 627 1515 illata
653 1494 731 1528 part
723 1482 846 1524 ticula3

682 1529 763 1562 Ven
790 1529 842 1562 B:

79 2252 156 2291 194.
197 2254 421 2299 probabiliter
452 2256 503 2289 H:
537 2255 639 2299 δῶρά
671 2251 710 2289 τ’
733 2253 834 2301 ε’μῆς.

31 2301 86 2335 E:
113 2300 371 2344 γράφεταικαὶ
393 2301 520 2345 δῶρα
545 2301 586 2338 δ’
610 2301 722 2348 ἐμῆς
744 2315 783 2337 π.
803 2316 835 2337 ν.

32 2348 85 2388 εἰς
107 2345 312 2393 θεράπειαν
334 2350 560 2392 χασμῳδίας.

79 2404 156 2439 195.
197 2403 369 2448 scriptura
402 2406 541 2449 elegans
564 2405 743 2439 Strabonis
779 2408 832 2440 10.

32 2462 64 2495 p.
87 2451 156 2485 716
181 2449 230 2489 C,
272 2461 370 2493 quam
406 2452 503 2484 nefas
535 2457 610 2485 erat
646 2451 833 2495 negligere.

27 2496 152 2540 vulgo:
175 2495 322 2539 χθιζὸν,
356 2497 525 2530 continuis
554 2497 576 2532 4
609 2498 784 2530 vocabulis
807 2510 833 2540 μ

28 2541 142 2576 littera
194 2543 407 2580 terminatis,
463 2544 555 2587 quod
605 2543 831 2578 inmenustum

29 2589 116 2622 bene
139 2589 324 2622 Montbel..
358 2589 419 2629 ,ΙΙ
451 2589 526 2622 faut
553 2600 749 2633 remarquer
773 2589 830 2634 qu’

30 2633 157 2678 Ulysse
190 2639 243 2668 est
265 2635 419 2688 toujouvrs
450 2635 557 2668 chuisi
582 2636 667 2668 dans
690 2635 739 2668 les
764 2636 830 2669 cir-

29 2681 229 2713 constantes
253 2681 309 2725 qui
335 2682 473 2725 exigent
493 2680 628 2740 l'essprit
652 2682 694 2714 de
716 2681 830 2714 conci-

29 2724 157 2758 liation.
182 2730 234 2760 Au
249 2727 398 2772 premier
411 2729 522 2768 chant,
542 2728 624 2760 cest
637 2727 681 2760 lul
702 2728 758 2772 qui
778 2733 830 2762 est

28 2771 153 2815 charge
176 2772 220 2805 de
244 2784 397 2806 ramener
421 2773 584 2818 Chryseis
617 2786 636 2806 a
660 2784 721 2806 son
748 2774 830 2818 pere

28 2827 113 2860 pour
146 2817 269 2851 calmet
300 2819 331 2852 le
363 2831 531 2854 courroux
561 2819 742 2864 d'Apollon
775 2819 829 2863 (v.

25 2864 134 2905 311);
167 2874 211 2896 au
234 2865 268 2899 3.
293 2864 319 2898 il
341 2871 395 2899 est
419 2866 514 2910 parle
542 2866 585 2900 de
609 2877 671 2898 son
697 2866 829 2899 ambas-

24 2908 107 2942 sade
137 2908 158 2941 a
187 2908 296 2944 rroie
327 2921 414 2956 pour
445 2912 561 2945 ravoir
594 2912 727 2945 Helene
767 2912 827 2954 (v.

25 2955 75 2997 (v.
95 2954 212 2988 205-
229 2956 289 2998 6);
314 2968 356 2990 au
375 2959 430 2998 9.,
454 2958 592 3002 lorsque
612 2958 660 2991 les
678 2961 827 3002 envoyes

23 3012 60 3034 se
78 3000 222 3034 tendent
240 3002 364 3046 aupres
384 3002 416 3036 d'
420 3004 561 3044 Achille,
586 3016 604 3038 c
606 3003 671 3038 ’est
693 3011 827 3038 sui-tout

622 146 1046 188 ΙΛΙΑΔΟι-

1018 148 1051 169 ””
1114 148 1158 186 T.
1632 149 1715 188 103

111 263 189 304 190
221 258 394 313 μίμνετε
424 254 468 300 δ’
498 255 624 299 ἄλλοι
652 256 810 307 πάντες
839 253 1032 307 ἀολλέες,
1062 254 1183 325 ὄφρα
1211 269 1259 297 κε
1289 255 1412 309 δωρα

220 314 267 357 ἐκ
297 314 463 384 κλισίης
491 312 667 384 ἔλθῃσι,
697 313 769 356 καὶ
799 312 928 366 ὅρκια
956 311 1086 355 πιστὰ
1115 311 1329 365 τάμωμεν.

221 371 291 414 σοὶ
321 368 364 412 δ’
397 368 514 426 αὐτῷ
543 367 642 412 τόδ’
674 369 787 440 ἐγων
815 369 1089 423 ἐπιτέλλομαι
1117 367 1194 424 ἠδὲ
1223 367 1410 411 κελεύω·

218 425 479 498 κρινάμενος
506 424 729 495 κούρητας
757 424 966 482 αριστῆας
995 427 1281 495 Παναχαιῶν,

171 486 189 506 *
219 485 340 537 δῶρα
372 482 474 552 ἐμῆς
500 483 620 536 παρά
650 482 755 537 νηός
784 483 1022 553 ἐνεικέμεν,
1054 481 1145 525 5σὸ
1174 480 1335 535 Ἀχιλῆι·

108 543 187 586 195
216 539 358 595 χθιζοὶ
385 538 631 594 υπέστημεν
662 538 842 590 δώσειν,
873 538 1030 594 ἀγέμεν
1058 554 1103 582 τε
1132 542 1357 610 γυναῖκας.

223 594 473 650 Ταλθύβιος
503 596 550 638 δέ
579 612 656 649 μοι
686 600 778 639 ὦκα
806 597 917 639 κατὰ
946 597 1132 649 στρατὸν
1161 593 1295 647 ευρύν
1317 593 1502 648 Ἀχαιῶν

212 651 385 706 κάπρον
413 650 698 707 ἑτοιμασάτω,
728 653 901 708 ταμέειν
930 655 1012 696 Διΐ
1035 650 1092 704 τ’,
1116 650 1271 708 Ἠελίῳ
1297 655 1379 694 τε.“

264 741 463 786 indignatus
496 742 646 775 Achilles
669 754 763 777 mora
786 742 854 777 ista
878 747 974 777 certe
1001 754 1039 777 se
1061 742 1169 786 ipsum
1199 741 1276 774 cibo
1300 740 1475 774 abstinere
1498 739 1588 772 velle
1612 739 1711 773 affir-

183 793 270 831 mat,
306 789 415 822 donec
448 788 588 822 amicum
613 789 704 822 ultus
736 789 803 831 sit;
837 801 902 823 nec
926 789 1044 835 Ulyssi
1068 788 1182 823 inedia
1206 787 1369 822 honorari
1392 791 1546 820 mortuos
1569 785 1710 830 neganti

301 910 389 955 Τὸν
420 911 461 955 δ’
493 910 842 981 ἀπαμειβόμενος
859 912 1072 982 προσέφη
1102 911 1240 962 πόδας
1270 926 1387 961 ωκυς
1413 907 1651 966 Ἀχιλλεύς·

215 967 444 1038 ,,Ἀτρείδη
473 968 673 1020 κύδιστε,
704 968 812 1021 ἄναξ
842 969 1020 1022 ἀνδρῶν
1046 967 1336 1037 Ἀγάμεμνον,

98 1029 182 1069 200
211 999 363 1068 άλλοτέ
391 1040 470 1079 περ
500 1025 574 1068 καὶ
602 1029 770 1080 μαλλον
800 1023 998 1080 ὀφέλλετε
1027 1030 1165 1069 ταῦτα
1195 1023 1428 1075 πένεσθαι,

212 1078 374 1124 ὁππότε
402 1098 466 1132 τις
493 1082 599 1152 μέτα
631 1083 838 1142 παυσωλή
869 1082 1080 1137 πολέμοιο
1110 1081 1305 1152 γένηται,

210 1138 285 1181 καὶ
313 1138 445 1193 μένος
474 1136 528 1181 οὐ
559 1137 694 1181 τόσον
720 1142 824 1196 ᾐσιν
852 1139 917 1182 ἐνὶ
946 1141 1180 1196 στήθεσσιν
1212 1137 1368 1193 ἐμοῖσι.

895 1264 916 1286 a
939 1253 1009 1297 Uly
1013 1263 1069 1286 sse
1094 1248 1305 1295 (Ὀδυσσῆϊ
1331 1247 1508 1293 μάλιστα)
1542 1257 1608 1291 que
1632 1245 1707 1279 Ne-

894 1305 967 1332 stor
980 1299 1119 1333 adresse
1133 1309 1187 1332 ses
1199 1295 1526 1330 recommandations
1540 1293 1590 1335 (ν.
1609 1293 1705 1335 180),

895 1349 930 1379 et
948 1358 966 1379 c
968 1344 1034 1378 'est
1050 1345 1099 1378 lui
1122 1344 1178 1388 qui
1199 1343 1298 1398 parle
1323 1343 1352 1376 le
1373 1339 1520 1385 premier
1547 1338 1567 1371 a
1591 1338 1706 1372 Achil-

894 1392 947 1431 le,
981 1391 1069 1424 enfin
1102 1390 1147 1423 ici
1173 1390 1258 1423 c'est
1289 1401 1309 1422 a
1337 1388 1385 1422 lui
1411 1386 1524 1446 quZAg
1527 1397 1589 1418 am.
1616 1396 1706 1418 com-

893 1437 1015 1471 mande
1039 1436 1072 1470 d’
1075 1436 1172 1470 offrir
1195 1436 1244 1469 les
1262 1437 1419 1480 presents
1438 1432 1470 1466 d’
1474 1431 1614 1466 Achille.
1650 1431 1705 1464 En

893 1487 991 1516 toute
1025 1483 1185 1517 occasion
1210 1482 1274 1525 Ul)
1274 1493 1338 1514 sse
1371 1484 1502 1514 montre
1536 1479 1568 1511 la
1602 1479 1706 1523 supe-

891 1529 1014 1563 riorite
1047 1530 1090 1562 de
1123 1529 1155 1562 la
1199 1529 1297 1561 force
1332 1526 1549 1569 intelligente
1584 1534 1642 1557 sur
1671 1523 1705 1556 la

890 1576 987 1609 force
1012 1575 1234 1609 ιῃειῑοτῐεΙΙο.4
1226 1576 1250 1593 44
1285 1574 1329 1607 cf.
1355 1571 1565 1606 Schubarth.
1599 1570 1705 1603 Ideen

888 1620 1125 1666 etc.p.l74‚
1153 1622 1229 1656 175.

936 1680 1014 1714 197.
1054 1677 1255 1720 κάπρον,
1289 1687 1422 1721 aprum.
1470 1686 1582 1720 agnos
1614 1674 1703 1708 dixit

889 1722 933 1769 γ’,
950 1726 1026 1768 103,
1039 1724 1117 1760 246
1131 1729 1336 1759 memoratur
1352 1722 1452 1756 etiam
1468 1722 1577 1754 hacin
1598 1732 1702 1754 causa

891 1783 995 1815 equus
1028 1783 1083 1816 ap.
1112 1772 1212 1804 Paus.
1246 1772 1288 1812 3,
1311 1771 1367 1805 20.
1405 1780 1439 1801 v
1464 1767 1575 1802 Feith.
1602 1767 1644 1808 4,
1670 1779 1701 1800 c.

893 1819 946 1852 17.
969 1816 1148 1851 annotavit
1166 1817 1211 1858 H,
1238 1827 1377 1860 porcum
1397 1814 1603 1848 immolatum
1623 1824 1701 1847 esse

890 1874 982 1897 more
1006 1863 1120 1907 prisco
1140 1864 1209 1907 jam
1242 1862 1483 1906 Pelasgorum,
1521 1860 1583 1903 qui
1616 1870 1700 1900 mos,

888 1909 922 1943 in
950 1909 1048 1943 Italia
1071 1910 1331 1953 frequentatuS,
1356 1907 1400 1941 ad
1425 1908 1594 1940 Romanos
1618 1917 1700 1950 per-

887 1955 1023 1990 venerit
1048 1956 1135 1999 (Liv.
1163 1957 1200 1994 l,
1224 1954 1289 1995 24,
1315 1954 1414 1997 Virg.
1432 1955 1517 1986 Aen.
1543 1954 1576 1994 8,
1599 1950 1698 1995 641.)

888 2014 961 2036 curn
988 2002 1130 2045 reliquis
1163 2001 1241 2035 olim
1275 1999 1400 2034 ritibus
1433 2010 1628 2041 sacrorum3
1654 1998 1698 2032 de

887 2049 1009 2093 quibus
1034 2047 1152 2081 evolvi
1170 2048 1268 2091 jubet
1292 2046 1436 2090 Dionys.
1460 2045 1540 2079 Hal.
1567 2047 1601 2081 7.
1636 2055 1698 2079 ex-

885 2100 1016 2135 tremo3
1033 2098 1338 2137 commemoratque
1355 2103 1486 2125 numum
1499 2090 1614 2136 gentis
1627 2093 1698 2124 An·

884 2140 1020 2183 tistiae,
1046 2152 1144 2185 quem
1166 2140 1380 2173 illustrarunt
1402 2138 1548 2172 Eckhel.
1573 2137 1694 2172 Doctr.

883 2198 972 2220 num.
991 2188 1024 2222 5.
1048 2198 1081 2241 p
1106 2187 1183 2221 137.
1212 2190 1247 2219 et
1265 2185 1503 2219 numismatici.
1535 2188 1696 2217 servatus

883 2238 936 2267 est
973 2233 1068 2277 porci
1100 2231 1273 2266 mactandi
1304 2242 1383 2264 usus
1414 2232 1449 2264 in
1473 2229 1694 2274 jurejurando

883 2279 1087 2312 athletarum
1113 2283 1149 2312 et
1172 2282 1424 2334 gymnastarum
1442 2276 1626 2321 Olympiae
1649 2276 1693 2310 ad

883 2325 1098 2358 simulacrum
1123 2325 1220 2358 Jovis
1245 2321 1568 2366 69u1'0v‚auctore
1589 2323 1692 2359 Paus.

882 2372 926 2412 5,
951 2369 1010 2406 24.
1057 2383 1090 2406 v.
1115 2371 1347 2406 HetFeith.
1374 2369 1395 2403 l.
1421 2381 1450 2402 c.
1485 2381 1517 2414 p.
1542 2370 1622 2404 538.
1647 2388 1691 2394 —

881 2417 969 2451 Λιῖ
987 2414 1019 2451 τ’
1034 2443 1044 2458 ,
1066 2416 1229 2462 Ἠελίῳ
1255 2429 1312 2451 τε.
1350 2421 1532 2471 praeterea
1553 2414 1692 2449 Fluvios

880 2469 916 2497 et
940 2465 1087 2497 Terram
1110 2470 1260 2498 testatur
1283 2465 1403 2508 Agam.
1431 2460 1458 2506 γ’
1473 2487 1484 2504 ,
1507 2463 1588 2497 278.

927 2523 1004 2556 199.
1037 2520 1092 2565 β’,
1118 2521 1206 2565 434,
1233 2519 1278 2563 ι’,
1300 2522 1346 2556 96
1368 2526 1434 2554 etc.
1468 2520 1512 2556 cf.
1537 2518 1583 2561 α’,
1610 2519 1688 2561 122,

877 2566 1205 2649 32020533'52220ts'
1227 2624 1308 2656 περ
1341 2612 1436 2647 καί.
1471 2611 1686 2657 hyperbaton

876 2671 939 2704 pro
963 2661 1024 2694 καὶ
1048 2659 1124 2695 ἄλλ.
1148 2671 1228 2701 περ.

920 2718 1002 2751 201.
1033 2716 1084 2751 ita
1108 2717 1162 2757 H,
1197 2715 1264 2750 nisi
1295 2715 1386 2760 quod
1417 2715 1556 2760 scripsit
1577 2714 1684 2758 μετοὶ,

875 2761 979 2806 idque
1002 2763 1121 2796 retulit
1145 2762 1187 2796 ad
1213 2761 1371 2807 γένηται.
1399 2762 1460 2795 sed
1480 2761 1567 2795 dixit
1584 2762 1683 2795 Hom.

874 2807 986 2851 με’τα,
1010 2809 1042 2844 h.
1064 2822 1094 2842 e.
1119 2808 1331 2852 μετέπειτα,
1353 2813 1449 2851 post,
1475 2808 1610 2841 deinde.
1647 2820 1681 2841 v.

874 2855 978 2889 Schn.
1003 2856 1036 2889 h.
1062 2860 1115 2896 v„
1141 2855 1300 2899 Aeschyl-
1325 2856 1389 2897 Ag.
1415 2855 1483 2889 673
1503 2860 1569 2887 etc.
1607 2853 1681 2887 vul-

873 2912 938 2944 go:
959 2899 1561 2945 μεταπαυσωλὴ,ηυοάἰῐιυείῐιιῐυηι.
1586 2912 1681 2935 παυ-

873 2945 968 2991 σωλή
994 2947 1119 2992 legitur
1143 2946 1199 2992 β’,
1223 2947 1304 2982 386.

917 3005 1132 3040 202-214.
1155 3004 1259 3037 Sch.:
1285 3001 1428 3047 μένος
1449 2997 1566 3051 ᾖσιν.
1589 3001 1679 3050 σ’ργή
