1847 3277
18 1462 56 1504 ι’,
78 1464 147 1499 226
164 1465 252 1509 etc)
279 1466 525 1512 διαφθείρων.
546 1485 589 1492 —
615 1467 817 1510 ἀρκέσει.

18 1511 155 1556 Odyss.
179 1512 235 1552 π’,
259 1512 361 1557 261.)
387 1513 598 1556 ἐπαρκέσει,
623 1516 817 1559 βοηθησει.

16 1576 50 1582 --
85 1557 113 1602 ῴ
139 1557 192 1602 δή
219 1562 284 1592 etc.
320 1559 366 1603 δὴ
397 1561 562 1594 ironicum
595 1567 667 1602 est,
699 1566 738 1594 ut
762 1573 819 1606 ap.

16 1603 819 1651 311111).Α10.966,Χθηορὴ.1110111.8001·.3,

15 1651 83 1690 i,1
108 1655 175 1683 etc.
211 1651 254 1684 cf.
279 1652 395 1696 Viget.
419 1655 505 1694 8,5‚
527 1655 581 1688 13.
605 1673 650 1678 —
675 1653 819 1697 enfin»,

15 1696 87 1734 liu,
119 1695 193 1730 scil.
218 1709 260 1730 ex
286 1710 354 1742 quo
378 1679 491 1743 Tr6ja
526 1707 729 1745 oppugnata
753 1699 821 1733 fuit

15 1754 28 1774 ι
54 1742 215 1777 Graecis.
257 1744 449 1789 interpres:
473 1757 595 1789 saepe,
625 1758 690 1790 quo
715 1757 816 1779 sensu

16 1799 92 1821 laec
117 1800 185 1822 vox
202 1800 268 1823 non
292 1791 418 1834 legitur
438 1803 494 1836 ap.
518 1792 640 1825 Hom.-
631 1793 727 1835 ,sed
748 1792 820 1825 fre-

14 1834 146 1878 quentia
166 1835 273 1869 fuisse
296 1836 364 1871 ista
388 1850 489 1872 sacra
510 1838 753 1880 Trujanmum,
782 1843 820 1870 ut

20 1891 40 1913 n
75 1891 195 1924 magno
228 1882 443 1926 discrimine,
484 1884 636 1917 ostendit
677 1885 818 1917 verbum

35 1926 151 1966 ολέας.
193 1927 451 1963 immolabantur
483 1938 594 1964 autem
619 1931 710 1963 tauri
735 1930 818 1963 Flu-

31 1970 74 2006 iis
106 1979 141 2007 et
168 1975 270 2007 maris
295 1976 500 2009 numinibus.
554 1976 647 2020 Virg.
676 1980 758 2010 Aen.
783 1977 818 2017 5,

30 2020 106 2054 35.=
139 2021 195 2061 di,
229 2022 350 2065 quibus
384 2023 565 2066 imperium
599 2024 721 2067 pelagi
757 2028 819 2063 est,

29 2077 146 2099 uorum
170 2079 322 2111 aequora
346 2081 464 2110 curro,
495 2069 594 2101 tobis
617 2070 729 2102 laetus
753 2080 819 2113 ego

33 2123 69 2145 oc
97 2114 299 2147 candentem
323 2115 359 2148 in
383 2117 499 2149 littore
523 2121 661 2148 taurum
685 2116 819 2149 Consti-

21 2170 102 2192 ιιαπι
126 2165 208 2193 ante
231 2172 324 2194 araS.
373 2161 425 2194 De
459 2162 553 2194 sonte
583 2162 704 2205 Cyane
732 2162 818 2195 Dio-

33 2215 114 2238 01118
138 2206 183 2247 5,
206 2207 262 2241 3·
297 2205 393 2249 πρὸς
424 2203 449 2253 ᾖ
480 2206 561 2242 κατ’
584 2206 757 2242 ἐνιαυτόν
782 2221 818 2243 οι

42 2252 237 2293 υρακόσιοι
265 2252 473 2307 πανήγυριν
505 2252 671 2311 ἐπιφανῆ
695 2266 818 2289 συντε-

30 2298 138 2339 οὖσι,
173 2299 234 2333 καὶ
256 2298 420 2335 θύουσιν
445 2300 480 2336 οἱ
504 2299 571 2344 μὲν
597 2302 746 2336 ἰδιῶται
769 2315 816 2335 τα

26 2343 145 2379 λάττω
188 2346 264 2380 τεᾶν
303 2346 466 2389 ἱερείων,
513 2349 728 2406 δημοσίᾳ
768 2346 817 2382 δὲ

34 2391 218 2435 αύρους
251 2393 551 2438 βυθίζουσιν
594 2394 642 2430 ἐν
674 2395 728 2440 τῇ
759 2397 817 2428 λί-

41 2450 95 2482 νη
119 2443 185 2472 etc.
229 2449 263 2470 v.
295 2439 343 2473 ibi
377 2440 585 2485 WVesseling.
617 2447 674 2481 et,
719 2452 817 2484 quem

21 2474 182 2525 nudavit,
207 2485 252 2518 H.
278 2485 450 2520 Valesium
474 2498 551 2519 ann.
576 2488 619 2520 ad
646 2487 703 2521 ina
730 2488 818 2520 Har-

55 2530 242 2564 erationis:
273 2531 455 2574 κάθετος,
480 2530 499 2567 ὁ
524 2532 744 2575 καθιέμενος
768 2533 820 2572 εἰς

27 2573 47 2611 ὁ
86 2576 241 2620 πέλαγος
276 2577 414 2621 ἀμνόςτ
459 2590 501 2612 ex
535 2580 660 2624 quibus
703 2579 818 2613 verbis

32 2621 140 2656 ariter
170 2630 275 2668 atque
311 2637 354 2658 ex
379 2627 443 2659 hoc
477 2625 552 2670 ipso
588 2626 660 2659 loco
695 2628 818 2669 poetae

9 2667 232 2712 'ntelligitur,
273 2682 339 2704 non
370 2671 480 2704 tauris
513 2677 644 2705 tantum
679 2675 819 2716 piacare

10 2713 93 2746 deos
115 2714 199 2748 istos
225 2718 326 2751 moris
350 2718 457 2751 fuisse
484 2729 540 2762 ap.
565 2725 711 2753 veteres.
756 2728 818 2750 nu-

11 2759 138 2793 triebat
170 2768 282 2796 autem
314 2764 428 2798 Troas
459 2764 581 2797 multos
615 2770 652 2797 et.
685 2762 817 2797 nobiles

11 2815 204 2895 13ῒέἵέηέ
209 2806 818 2896 „is-1225?“55352⁰¹‘³532t2‚¹‡g22{

11 2897 111 2931 Hom.
144 2896 272 2942 Odyss.
299 2899 352 2944 γ’,
375 2903 409 2936 6.
448 2902 492 2937 cf.
513 2903 614 2936 Serv.
645 2903 688 2936 ad
721 2902 816 2945 Virg-

8 2943 140 2988 Georg.
167 2947 205 2985 1,
229 2947 286 2980 12.
303 2951 339 2981 et
360 2947 481 2982 Ovidii
499 2947 651 2993 interpp.
674 2948 718 2982 ad
739 2948 815 2981 Me—

9 2994 90 3022 tam.
109 2990 150 3029 8,
170 2991 291 3025 579-
301 2994 380 3028 581.
401 3012 442 3019 -
478 2995 657 3040 λοιγόν.
682 2993 736 3034 α’,
757 2994 815 3033 67,

11 3038 197 3080 noman.
222 3047 284 3081 111.

584 143 1011 185 ΙΛΙΑΔΟΣ
1065 145 1118 184 Φ.

1594 151 1673 189 161

74 256 155 298 130
186 248 288 294 ουδ’
318 249 442 309 ὑμῖν
457 252 660 305 Ποταμός
691 269 771 305 περ
801 252 1009 308 ἐΰρροος,
1038 252 1359 321 α’ργυροδινης,

182 307 374 360 οἷρκέσει,
406 310 440 364 ᾧ
471 308 524 364 δὴ
555 309 671 364 δηθα
699 309 856 360 πολέας
886 311 1074 362 ἱερεύετε
1103 307 1318 362 ταύρους,

183 364 318 416 ζωους
347 364 393 408 δ’
427 365 474 407 ἐν
504 366 573 408 δίν
566 378 650 420 ἠσι
679 369 851 409 καθίετε
879 367 1084 435 μώνυχας
1114 367 1285 416 ι’ππους.

184 419 292 463 ἀλλὰ
318 421 391 464 καὶ
422 420 480 470 ω’ς·
508 420 683 465 ὀλέεσθε
712 422 851 466 κακὸν
880 423 1043 477 μόρον
1075 422 1215 466 εἰσόκε
1244 421 1405 473 πάντες

181 479 315 520 τίσετε
343 476 624 550 Πατρόκλοιο
656 478 801 533 φόνον
829 480 898 522 καὶ
930 479 1084 551 λοιγὸν
1107 477 1342 558 Ἀχαισῖν,“

73 539 154 579 135
187 533 265 584 οὓς
293 534 362 577 ἐπὶ
389 535 521 590 νηυσὶ
550 539 714 592 θοῇσιν
742 537 947 592 ἐπέφνετε
977 536 1142 592 νόσφιν
1171 535 1326 590 ἐμεῖοῆ

374 614 545 648 irascente
568 615 690 648 Fluvio
718 615 867 649 Achilles
890 615 1044 649 invadit
1033 617 1306 659 Asteropaeum.

246 681 328 732 ’.Ως
357 681 434 736 ἄρ’
468 683 573 754 ἔφη·
606 684 810 735 Ποταμὸς
841 683 886 726 δὲ
914 682 1140 752 χολώσατο
1169 682 1329 748 κηρόθι
1359 686 1548 737 μᾶλλον,

180 737 383 810 ω’ρμῃνεν
414 738 462 782 6'
490 738 598 783 α’να.
607 741 780 795 θυμόν,
812 740 930 791 ὅπως
958 739 1140 783 παύσειε
1168 741 1328 782 πόνοιο

180 798 280 838 δῖον
305 795 525 850 Ἀχιλλῆα,
561 797 757 869 Τρώεσσι
787 799 833 840 δὲ
862 796 1017 851 λοιγόν
1047 795 1243 839 ἀλάλκοι

176 852 323 906 τόφρα
354 854 401 896 δὲ
432 855 600 908 Πηλέος
628 854 748 905 υἱὸς,
779 854 888 910 ἔχων
920 853 1204 924 δολιχόσκιον
1227 851 1375 907 ε’γχος,

64 910 144 952 140
172 907 460 978 Ἀστεροπαίῳ
492 912 674 961 ἐπᾶλτο,
703 911 1027 965 κατακτάμεναι
1039 909 1321 964 μενεαίνων,

176 966 265 1008 υἱέϊ
297 968 558 1022 Πηλεγόνος.
595 968 673 1010 τὸν
705 967 746 1010 δ’
778 967 910 1019 Ἀξιὸς
937 965 1236 1020 εὐρυρέεθρος

175 1025 346 1076 γείνατο
377 1041 452 1066 και
482 1025 718 1079 Περίβοια,
746 1022 1079 1077 Ἀκεσσαμενοῖο
1108 1025 1350 1076 θυγατρῶν

177 1081 474 1151 πρεσβυτάτη·
506 1084 572 1150 τῇ
590 1080 674 1134 γάρ
704 1098 762 1134 ρα
791 1083 894 1135 μίγη
929 1079 1135 1134 Ποταμὸς
1163 1079 1431 1148 βαθυδίνης

174 1140 236 1192 τῷ
266 1136 308 1179 δ’
334 1135 526 1192 Ἀχιλευς
556 1136 816 1189 ἐπόρουσεν
850 1136 873 1179 ὁ
906 1135 948 1179 δ’
981 1135 1127 1185 αντίος
1158 1135 1205 1177 ἐκ
1237 1138 1455 1187 ποταμοῖο

68 1193 147 1237 145
178 1181 301 1248 ε’στη,
333 1193 442 1249 ε’χων
472 1193 556 1236 δύο
588 1196 746 1246 δοῦρε·
780 1192 911 1248 μένος
941 1192 987 1236 δέ
1018 1194 1063 1236 οἱ
1092 1192 1139 1235 ἐν
1169 1190 1299 1246 φρεσὶ
1327 1195 1438 1247 θῆκε

173 1250 376 1301 Ξάνθος,
408 1250 498 1294 ἐπεὶ
527 1250 742 1305 κεχόλωτο
773 1249 1073 1318 δαϊκταμένων
1105 1250 1289 1303 αἰζηῶν,

176 1306 281 1357 τοὺς
303 1306 493 1362 Ἀχιλευς
523 1307 660 1359 ἐδάϊζε
689 1324 798 1350 κατα
832 1307 965 1360 ῥόον,
997 1304 1100 1349 οὐδ’
1131 1306 1338 1358 ἐλέαιρεν.

178 1364 222 1406 οἱ
252 1361 295 1406 δ’
328 1363 399 1407 ὅτε
429 1364 482 1420 δὴ
513 1343 668 1420 σχεδόν
696 1361 810 1421 ἦσαν
839 1362 900 1407 ἐπ’
933 1363 1187 1420 ἀλλήλοισιν
1218 1363 1380 1412 ἰόντες,

866 1464 904 1505 ε’,
927 1468 996 1501 603
1017 1472 1080 1500 etc
1105 1485 1152 1490 ——
1182 1462 1358 1520 νόσφιν
1384 1460 1528 1507 ε’μεῖο.
1562 1462 1676 1497 Schol.

866 1514 916 1546 B:
942 1513 1033 1553 ἐμοῦ
1055 1511 1121 1547 νόν»
1115 1525 1192 1556 φιν
1214 1509 1332 1551 όντος.

916 1558 1142 1594 135--147-
1201 1555 1447 1601 χολώσατο
1496 1551 1680 1599 κηρόθι

865 1605 1061 1649 μᾶλλον,
1093 1605 1310 1638 vehementer
1331 1604 1444 1636 iratus
1468 1606 1519 1634 est
1546 1602 1581 1634 in
1605 1613 1680 1635 cor-

867 1653 920 1685 de.
962 1652 1092 1685 dictum
1131 1656 1185 1684 est
1216 1652 1358 1693 μαλλον
1396 1659 1456 1693 pro
1490 1645 1606 1690 μάλα,
1642 1654 1681 1683 ut

864 1697 1010 1740 κέρδιον
1038 1709 1075 1753 pr
1062 1709 1099 1730 ιο
1123 1710 1161 1730 κ
1148 1697 1255 1739 ἕρδος
1279 1696 1333 1742 η’,
1357 1697 1437 1750 352.
1472 1694 1516 1727 cf.
1543 1693 1579 1735 ι’,
1598 1696 1680 1737 300,

866 1746 994 1789 odyss.
1020 1757 1068 1785 ε,
1093 1745 1162 1778 284
1182 1750 1248 1777 etc.
1273 1761 1318 1768 ——
1362 1739 1559 1780 πόνοιο,
1585 1742 1680 1774 labo-

865 1793 913 1824 ris
939 1789 1069 1830 bellici,
1095 1801 1242 1834 pugnae.
1277 1789 1321 1821 cf.
1346 1789 1435 1829 249,
1459 1785 1501 1829 λ’,
1527 1787 1608 1829 600,
1633 1787 1678 1829 δ’,

863 1838 932 1891 539
954 1843 1020 1871 etc.
1046 1854 1092 1860 ——
1134 1836 1234 1868 seim
1269 1831 1480 1869 οἷλοὶλκοι.
1507 1831 1574 1876 (ι’,
1599 1835 1680 1874 601,

865 1883 915 1924 ρ’,
942 1885 1008 1920 153
1034 1881 1120 1923 etc.)
1145 1881 1394 1925 ἀποστρέψει,
1400 1878 1615 1936 βοηθήσει.
1633 1899 1680 1905 -—

865 1909 1182 1983 ὁόλιχόσκιον
1208 1928 1351 1973 ε’γχος.
1422 1928 1612 1968 ‚346etc
1634 1945 1681 1951 —

864 1976 1054 2016 guento.
1088 1972 1118 2008 v'
1131 1975 1244 2014 ‚‚643
1278 1973 1457 2008 annotavit
1490 1972 1603 2006 Schol.
1637 1973 1679 2014 B,

863 2023 1037 2056 Paeonum
1062 2022 1182 2054 ducem
1209 2020 1396 2066 principem
1421 2019 1528 2052 fuisse
1548 2019 1680 2063 Pyrae-

865 2071 983 2115 011111011
1010 2065 1081 2113 (β,
1107 2068 1226 2111 848),
1253 2078 1319 2112 quo
1344 2077 1395 2100 can
1389 2077 1447 2098 ιεο
1472 2065 1546 2108 ejus
1569 2065 1602 2098 in
1627 2065 1680 2099 lo-

865 2113 940 2148 cum
964 2113 1170 2148 successisse
1195 2113 1307 2147 videri
1332 2115 1593 2155 Asteropaeum.
1633 2111 1679 2144 cf.

864 2162 944 2195 207.
970 2161 1138 2194 incertum
1165 2164 1239 2200 est,
1275 2171 1318 2193 an
1354 2159 1409 2192 hic
1438 2158 1495 2191 ine
1519 2157 1586 2199 sit,
1621 2157 1679 2202 qui

863 2213 1072 2241 memoratur
1094 2205 1150 2249 μ’,
1178 2185 1256 2241 102.
1306 2205 1489 2257 Pelegonis
1517 2204 1573 2237 hic
1597 2209 1680 2237 tan-

863 2262 934 2287 tum
967 2258 1004 2288 et
1028 2253 1107 2288 152.
1138 2258 1174 2286 et
1208 2253 1283 2288 159.
1314 2253 1356 2285 fit
1386 2250 1524 2286 mentio.
1549 2269 1594 2274 —
1636 2250 1680 2283 de

866 2302 953 2333 Axio
978 2299 1013 2334 fl.
1037 2310 1070 2332 v.
1098 2296 1152 2344 β’,
1177 2300 1266 2353 849,
1291 2299 1372 2333 850.
1403 2317 1440 2322 -
1492 2294 1511 2331 ὁ
1538 2295 1577 2330 6'
1603 2293 1679 2330 ἄν·

863 2348 966 2385 τίος
999 2344 1047 2381 ἐκ
1079 2357 1179 2401 ποτ.
1218 2344 1337 2389 ἔστη.
1384 2342 1522 2377 concise
1551 2341 1678 2376 dictum

869 2405 930 2438 pro
955 2393 1040 2426 1100·
1076 2388 1095 2426 ό
1123 2389 1162 2425 6'
1182 2389 1304 2426 ἕλθουν
1327 2389 1366 2425 ἐκ
1389 2403 1470 2425 ποτ.
1499 2387 1584 2432 ἔστη
1608 2401 1679 2427 αγ-

864 2441 955 2479 τί.ος
990 2450 1022 2471 v.
1048 2436 1097 2480 λ’,
1120 2439 1190 2493 396
1215 2443 1281 2472 etc.
1317 2437 1368 2471 sic
1392 2438 1470 2472 69.:
1495 2434 1611 2479 ἐγχείη
1637 2433 1677 2469 δ’

867 2482 929 2529 αρ’
973 2482 1066 2527 ’ὑπερ
1108 2484 1232 2518 νώτου
1274 2482 1328 2520 ἐνὶ
1361 2496 1448 2528 γαιῃ
1471 2480 1598 2526 ”.Εστη
1632 2501 1678 2507 —-

867 2531 983 2575 ε’χων
1008 2529 1092 2566 δύο
1119 2531 1277 2574 δοῦρε.
1315 2528 1677 2564 cf.inserius162—

867 2580 954 2618 168,
977 2576 1027 2622 γ’,
1055 2579 1116 2617 18,
1143 2575 1170 2612 ε’
1184 2578 1303 2618 ,495,
1330 2573 1389 2618 μ’,
1417 2577 1484 2609 298
1506 2579 1570 2607 etc.
1611 2574 1677 2607 ΟΞ-

865 2625 983 2658 sianns
1011 2624 1187 2668 Fionghal
1210 2624 1252 2664 4,
1276 2625 1377 2657 209.:
1413 2633 1449 2654 cr
1472 2623 1615 2664 flammt
1640 2621 1676 2652 in

866 2672 928 2703 der
962 2670 995 2702 ll
999 2670 1069 2703 'ehr
1107 2671 1170 2703 uie
1205 2671 1260 2703 ein
1295 2668 1410 2708 Geist,
1447 2666 1544 2700 Zwei
1577 2666 1676 2700 dicke

864 2716 986 2761 Speer'
1011 2716 1044 2750 in
1068 2716 1130 2749 der
1154 2717 1266 2749 Hand.
1286 2734 1330 2739 —
1355 2695 1455 2746 seim
1485 2714 1676 2746 δαϊκτα-

863 2763 1025 2806 μένων.
1053 2763 1170 2805 (301.)
1197 2763 1271 2796 τῶν
1296 2759 1335 2795 ἐν
1357 2759 1529 2800 πολέμοις
1553 2758 1676 2801 (πολέ-

862 2816 938 2854 μω)
964 2807 1252 2851 αναιρουμένων.
1288 2819 1320 2839 ν.
1338 2806 1441 2839 Schn.
1462 2806 1494 2837 h.
1515 2816 1546 2837 v.
1566 2805 1674 2848 genit.

864 2866 1010 2896 causae,
1043 2861 1079 2888 ut
1103 2855 1158 2901 β’,
1182 2855 1249 2888 466
1277 2858 1343 2886 etc.
1379 2871 1420 2876 —
1470 2849 1606 2892 ἐδάιζ
1614 2864 1674 2885 εν.

864 2900 919 2946 η’,
946 2904 1031 2942 247,
1058 2899 1100 2941 ι’,
1123 2903 1144 2935 8
1165 2906 1232 2935 etc.
1253 2919 1297 2924 —
1331 2911 1448 2933 κατα
1474 2896 1616 2942 ῥόον,
1638 2898 1674 2931 in

858 2951 989 2992 fluento
1014 2947 1098 2991 ejus.

912 2994 988 3030 148.
1021 2992 1161 3038 y',‚15
1185 2989 1232 3034 ε’,
1258 2989 1301 3026 14
1321 2995 1392 3078 ciel.
