1847 3277
246 313 346 357 ἀλλ’

125 723 207 764 835
237 719 423 774 ποιμήν,
455 717 556 763 οὐδ’
590 719 775 775 ἀροτὴρ,
808 715 888 761 εἶσ’

303 785 385 837 Ὡς
415 786 543 842 ἔφατ’

235 956 368 1026 ἑξείης
397 957 436 1000 6'
469 959 655 1000 ἵσταντο.

57 1485 184 1528 δίσκος
206 1485 345 1528 πλατύς
367 1488 441 1523 ἐστι
463 1502 485 1523 κ
521 1487 761 1532 κυκλοτερὴς,
785 1486 804 1522 ὁ
826 1486 867 1523 δὲ

56 1530 162 1572 σόλος
186 1535 404 1590 στρογγύλος
428 1548 460 1569 κ.
486 1534 740 1579 σφαιροειδής.
756 1534 866 1589 Ap:

55 1576 171 1618 σόλος.
204 1576 355 1621 Ἀπίων,
375 1582 501 1622 δίσκος
520 1581 712 1638 σιδηροῦς.
745 1575 804 1615 ὁτὲ
825 1578 866 1615 δὲ

56 1624 179 1666 δίσκος
209 1628 365 1666 λίθινος.
413 1626 474 1663 ἐπὶ
504 1626 572 1672 μὲν
600 1629 670 1662 τοῦ
699 1625 759 1662 ἐπὶ
784 1629 865 1661 Πα-

55 1669 193 1716 τρόκλῳ
225 1669 390 1730 ἀγῶνος·
435 1672 571 1710 σόλον
615 1671 864 1727 αυτοχόω-

55 1730 146 1753 νον.
188 1717 292 1762 παρὰ
317 1718 358 1755 δὲ
381 1724 461 1760 τοῖς
487 1721 620 1763 Φαίαξι
644 1720 791 1764 (odyss,
808 1717 863 1761 θ’,

58 1764 180 1818 190·J'
214 1763 460 1813 βόμβησεν
496 1764 535 1801 δὲ
565 1769 685 1807 λίθος.
730 1765 862 1799 discum

53 1810 184 1843 nonnisi
213 1813 383 1857 lapideum
418 1813 516 1847 novit
548 1813 664 1848 Schol.
697 1812 805 1845 Victa
840 1810 859 1847 6

52 1853 92 1889 δε
118 1857 241 1898 δίσκος
264 1861 372 1897 λίθος
397 1854 443 1903 ἧν
474 1855 716 1902 κυκλοτερὴς,
746 1857 861 1902 μέσην

52 1900 179 1946 ἕχων’
161 1903 269 1948 οπὴν,
294 1901 371 1948 ἐξ
351 1918 393 1950 ης
410 1904 551 1950 ἐχάλων
569 1905 752 1940 καλώδιον
766 1903 862 1948 πρὸς

53 1949 96 1983 τό
130 1952 415 1993 μετεωρίζοντας
441 1953 587 2007 βάλλειν
618 1959 684 1986 etc.
733 1951 796 1985 sed
828 1963 860 1987 v.

52 1993 131 2031 834.
165 2007 297 2034 rursum
321 2000 404 2054 Ap:
431 1995 755 2046 αυτοχόωνον.
790 1995 861 2032 αὖ-

51 2038 289 2086 τοχαῖνευτον,
315 2041 339 2089 ἢ
356 2044 418 2079 καὶ
436 2049 485 2085 ως
508 2045 592 2099 (imo
613 2044 780 2086 είκαιως)
803 2055 861 2078 κε-

48 2089 290 2132 χωνευμένον.
336 2091 472 2125 Schol:
509 2089 573 2126 τὸν
605 2087 698 2125 καθ’
726 2089 861 2125 ἑαυτὸν

47 2136 338 2179 κεχωνευμένον,
362 2136 424 2172 καὶ
442 2135 559 2181 μηδὲν
583 2135 713 2182 ἔχοντα
740 2134 860 2172 ἐπείσ-

50 2193 173 2216 ακτον.
220 2193 362 2216 massam
387 2183 528 2226 dicunt,
565 2183 674 2228 qualis
695 2185 788 2217 venit
816 2193 859 2216 ex

49 2227 189 2270 fusura,
215 2239 282 2262 nou
306 2229 433 2286 polita,
465 2241 527 2264 nec
554 2241 653 2273 rasa,
686 2241 747 2263 seu
779 2240 859 2263 ver-

50 2272 102 2306 bis
126 2273 293 2331 Hes3chii
317 2272 369 2310 ἇπ
413 2273 529 2320 αὐτῆς
552 2276 617 2318 τῆς
639 2276 792 2320 χωνείας
815 2272 857 2310 2·6

49 2320 184 2354 τέλειον
207 2318 365 2376 ἔχουσα,
390 2336 422 2357 κ.
444 2321 496 2367 μὴ
520 2321 772 2366 προσδεομένη
794 2319 857 2356 ἄλ-

48 2368 114 2400 λου
138 2364 236 2406 τινὸς
260 2367 313 2408 εἰς
342 2368 611 2425 συμπλήρωσιν.
658 2369 691 2403 Ε
716 2379 856 2412 compa-

48 2411 141 2446 ravit
163 2410 410 2456 αὕτόξυλον”
392 2426 542 2458 εκπωμα
565 2426 620 2460 ap.
641 2413 855 2460 Soph.1‘1u1.

47 2459 125 2499 35.,
149 2457 182 2491 h.
201 2471 231 2492 e.
254 2459 410 2505 poculum
435 2473 479 2495 ex
501 2473 594 2496 mero
620 2466 655 2495 et
671 2461 790 2494 nativo
811 2459 854 2493 li-

45 2515 114 2548 gno
138 2503 277 2539 sactum.
304 2506 350 2542 cf.
366 2506 474 2540 Schn.
487 2519 520 2541 v.
540 2506 670 2552 χοάνη.
694 2526 739 2532 —
761 2503 854 2541 'He-

44 2551 226 2591 τίωνος.
264 2549 304 2594 ζ,
328 2551 397 2587 414
429 2558 465 2587 et
488 2565 585 2600 seqq.
623 2573 668 2578 —
703 2550 852 2598 νήεσσι

43 2595 342 2633 -κτεάτεσσι,
385 2609 417 2631 v.
442 2596 486 2642 τ’,
509 2600 553 2634 47
578 2603 644 2634 etc.

87 2665 206 2701 831-
217 2666 298 2702 835.
330 2672 400 2702 tam
424 2678 577 2712 magnam
602 2679 678 2702 esse
698 2667 748 2702 ait
763 2678 852 2702 mas-

44 2719 116 2744 uam
139 2711 214 2765 ejus
238 2711 338 2755 duci,
362 2719 400 2748 ut
425 2715 580 2760 quamvis
604 2714 668 2749 lati
687 2714 756 2748 sint
776 2716 852 2758 agri

46 2754 207 2799 victoris,
241 2762 353 2793 tumen
385 2759 428 2794 ad
460 2771 574 2794 eorum
606 2771 701 2794 usum
733 2771 796 2805 per
827 2763 851 2798 5

45 2811 150 2836 annos
182 2815 247 2837 non
279 2815 380 2860 opus
397 2805 430 2839 ei
461 2807 611 2841 futurum
645 2806 691 2840 sit
720 2807 850 2843 ferrum

43 2859 157 2882 emere
179 2848 214 2883 in
238 2850 324 2884 urbe
347 2850 471 2886 vicina.
504 2874 549 2880 -—
583 2849 766 2888 πολλόν
797 2853 851 2889 ἀ-

42 2891 282 2938 πόπροθι,
307 2897 408 2942 longe
431 2899 585 2942 extenti,
611 2900 771 2945 ingentia
789 2912 849 2934 rn-

43 2951 104 2982 ra,
136 2945 173 2974 ut
206 2940 393 2986 Virgiliano
428 2945 534 2980 verbo
566 2948 655 2980 utar.
679 2965 723 2972 -
747 2944 847 2981 sch.-

627 134 1067 176 ΙΛΙΑΔΟΣ
1131 135 1184 174 Ψ.

58 1438 228 1483 διαφέρει
252 1439 291 1475 δὲ
317 1440 426 1482 σόλος
448 1455 482 1476 κ.
504 1442 648 1482 δίσκος,
676 1439 735 1476 ὅτι
760 1440 781 1476 ὁ
801 1440 870 1484 μὲν

245 257 297 301 ὂν
327 259 432 314 πρὶν
460 257 556 327 μὲν
569 256 776 311 ῥίπτασκε
805 254 918 324 μέγα
943 255 1104 304 σθένος
1128 253 1380 306 Ἠετίωνος·

369 316 474 383 ἦτοι
506 313 585 355 τόν
615 313 773 366 ἔπεφνε
804 311 1029 365 ποδάρκης
1060 313 1152 360 δῖος
1177 309 1401 364 Ἀχιλλεύς,

245 387 324 413 τον
353 370 396 413 δ’
428 368 545 424 ἄγετ’
575 369 622 412 ἐν
650 369 802 423 νήεσσι
831 368 909 420 ξύν
936 367 1106 410 αλλοισι
1133 367 1363 410 κτεάτεσσι.

131 432 215 472 830
245 431 324 483 στῆ
355 425 398 469 δ’
428 425 586 480 ὀρθὸς,
616 426 689 469 καὶ
718 430 865 480 μῦθον
893 424 941 467 ἐν
965 423 1224 478 Ἀργείοισιν
1250 424 1407 467 εἐιπεν·

329 492 585 546 ,”Ορνυσθ’,
616 495 661 536 οἳ
688 492 760 535 καὶ
790 491 953 534 τούτου
982 490 1149 534 ἀέθλου
1178 490 1461 560 πειρησεσθεί

242 551 282 592 εἴ
309 551 352 593 οἱ
379 550 452 593 καὶ
481 549 606 620 μάλα
625 548 793 592 πολλόν
823 547 1050 603 ἀπόπροθι
1077 550 1224 598 πίονες
1261 546 1403 602 ἀγροὶ,

239 606 320 658 ἕξει
348 622 424 661 μιν
452 607 527 650 καὶ
554 605 680 649 πέντε
710 605 1055 675 περιπλομένους
1085 603 1315 655 ἐνιαυτοὺς

236 662 498 729 χρεώμενος·
531 662 586 706 οὐ
617 663 696 717 μὲν
722 662 806 716 γάρ
842 663 886 703 οἱ
915 659 1209 731 ἀτεμβόμενός
1238 676 1286 715 γε
1316 661 1503 716 σιδήρου

920 734 962 769 ες
991 716 1141 767 πόλιν,
1174 716 1284 760 ἄλλα
1313 718 1498 773 παρέξει.
1506 721 1533 742 “

557 799 569 812 ·
600 789 714 840 ὦρτο
747 784 789 829 δ’
822 785 964 828 ε’πειτα
990 784 1303 840 μενεπτόλεμος
1336 788 1630 844 Πολυποίτης,

232 841 288 893 ἂν
319 845 366 886 δε
394 847 614 899 Λεοντῆος
642 841 855 898 κρατερὸν
883 842 1012 898 μένος
1043 841 1279 895 ἀντιθέοιο,

235 897 291 942 civ
322 897 364 943 δ’
394 902 506 951 Αἴας
541 899 995 998 Τελαμωνιάδηςὸκαὶ
1026 901 1119 949 δῖος
1142 897 1328 949 Ἐπειός·

716 955 852 1000 σόλον

122 1016 204 1057 840
237 1013 310 1066 ἡκε
341 1014 386 1056 δὲ
416 1013 616 1072 δινήσας·
646 1011 834 1067 γέλασαν
863 1009 909 1054 6'
943 1012 1014 1055 ε’πι
1042 1012 1199 1061 πάντες
1227 1011 1397 1067 Ἀχαιοί.

234 1068 436 1122 δεύτερος
467 1069 570 1112 αὕτ’
599 1068 764 1141 αφὲηκε
794 1069 1027 1122 Λεοντευς,
1063 1067 1158 1121 ὄζος
1175 1069 1356 1124 Ἄρηος·

232 1127 433 1178 τοτρίτοι·
463 1124 564 1168 οὐτ’
596 1125 747 1179 ἕρῥιψε
774 1125 906 1181 μέγας
934 1124 1220 1193 Τελαμώνιος
1251 1127 1373 1176 Αἴας.

229 1181 396 1236 [χειρὸς
425 1181 511 1224 ἄπο
542 1185 776 1251 στιβαρῆς,
811 1182 886 1224 καὶ
917 1179 1135 1250 υπέρβαλὲ
1167 1181 1337 1235 σήματα
1367 1180 1577 1237 πάντων.]

229 1237 328 1279 ἀλλ’
359 1238 431 1282 ότε
462 1238 528 1308 δη
547 1237 681 1281 σόλον
712 1236 794 1282 εἷλε
823 1236 1139 1308 μενεπτόλεμος
1155 1241 1463 1308 Πολυποίτης,

117 1295 200 1338 845
230 1294 366 1338 ὅσσον
393 1296 456 1346 τίς
485 1292 528 1338 τ’
559 1295 708 1351 ε’ῥριψε
738 1293 996 1347 καλαύροπα
1026 1293 1244 1350 βουκόλος
1273 1294 1399 1353 α’νηρ,

958 955 1024 999 ε’λε
1055 958 1149 1006 δῖος
1177 954 1354 1006 Ἐπειὸς,

914 1443 1080 1481 πίονες
1114 1441 1269 1500 οέγροί.
1310 1443 1457 1488 (odyss.
1488 1441 1532 1484 δ’,
1558 1445 1646 1488 757,
1670 1441 1725 1486 θ’,

914 1490 1003 1523 560.-
1040 1489 1085 1522 cf.
1116 1490 1157 1523 ll.
1183 1487 1229 1536 β’,
1252 1489 1343 1531 549,
1377 1489 1416 1531 ε’,
1441 1491 1512 1526 710
1530 1491 1621 1535 etc.)
1655 1490 1726 1525 νῦν

914 1533 1145 1578 εὐδαίμονες.
1192 1537 1404 1580 (περιπλ
1447 1533 1725 1577 ενιαυτούς.

913 1581 1043 1625 Odyss.
1073 1580 1121 1623 α’,
1148 1583 1200 1618 16.
1242 1584 1286 1617 cf.
1311 1581 1357 1629 β,
1382 1584 1448 1618 551
1477 1585 1568 1627 etc.)
1599 1595 1724 1638 χρε-

913 1627 1102 1669 ώμενος.
1131 1626 1329 1673 χρώμενος,
1354 1626 1377 1674 ἢ
1399 1628 1487 1674 χρή,
1474 1631 1561 1663 ων.
1585 1626 1722 1673 ἀτεμ-

911 1672 1124 1730 βόμενος.
1151 1675 1209 1719 (λ,
1233 1674 1302 1711 704
1322 1676 1405 1719 etc.)
1432 1673 1664 1718 στερόμενος.
1673 1696 1721 1701 -

908 1717 1016 1760 εἷσ’,
1051 1722 1125 1754 ibit.
1161 1741 1206 1746 —
1244 1718 1360 1756 ἀλλὰ
1400 1721 1621 1765 παρέξει,
1659 1723 1722 1756 sed

904 1767 1086 1810 praebebit
1118 1767 1193 1811 ipse
1228 1767 1296 1801 illis
1327 1769 1454 1802 ferrum
1479 1769 1718 1812 necessarium,

908 1813 950 1846 ab
976 1824 1013 1846 se
1039 1813 1138 1846 dabit
1171 1813 1289 1856 domo,
1324 1819 1361 1848 ut
1391 1815 1446 1848 cui
1480 1820 1575 1848 tanta
1607 1826 1720 1850 massa

906 1858 1035 1893 metalli
1057 1864 1235 1904 suppetat.

953 1927 1171 1964 838-841.
1221 1941 1276 1964 αν
1308 1925 1358 1963 δε
1386 1932 1452 1963 etc.
1497 1940 1531 1962 ν.
1561 1930 1641 1966 755.
1674 1950 1720 1956 -—

907 1975 1166 2028 Λεοντῆος
1185 1987 1249 2019 κρ.
1281 1974 1434 2019 μένος.
1477 1975 1508 2009 h.
1535 1988 1565 2009 e.
1591 1989 1720 2020 κρατε-

907 2019 974 2064 ρὸς
1005 2018 1197 2062 Λεοντεύς.
1245 2032 1280 2053 v.
1311 2033 1388 2055 ann.
1416 2021 1459 2055 ad
1492 2020 1537 2067 β’,
1561 2025 1640 2059 658.
1673 2042 1719 2048 -

907 2065 1189 2103 ἀντιθέοιο.
1233 2065 1280 2108 α’,
1314 2068 1384 2104 264
1415 2075 1482 2103 etc.
1521 2087 1568 2093 -—
1608 2067 1719 2112 ὄζος

895 2111 1071 2158 Ἀρηος.
1106 2111 1152 2156 β’,
1174 2112 1255 2150 540.

952 2184 1031 2219 843.
1064 2193 1186 2216 versus
1205 2179 1471 2226 ἅθετούμενος,
1496 2195 1560 2218 nec
1577 2183 1716 2242 injuria.

906 2229 1021 2262 Schol.
1044 2229 1152 2262 Victa
1179 2227 1437 2272 ιετενήνεκται
1461 2227 1481 2266 6
1499 2233 1622 2285 στίχος
1640 2229 1715 2266 ἆπὸ

904 2276 968 2319 τῆς
993 2276 1184 2316 Φαιακίας.
1211 2273 1538 2319 (odyss.e'‚192.,
1563 2266 1621 2312 ubi
1641 2278 1716 2333 plu-

904 2333 959 2355 res
978 2322 1106 2355 discum
1118 2321 1284 2365 jaciunt.)
1301 2325 1443 2366 γελοῖον
1459 2323 1530 2368 γὰρ
1547 2320 1589 2359 τὸ
1608 2322 1715 2358 ποίν-

902 2380 992 2403 των
1017 2365 1076 2403 ε’πὶ
1101 2368 1219 2402 δυοῖν.
1243 2387 1290 2392 -

949 2435 1067 2472 844-
1080 2435 1160 2473 847.
1191 2435 1554 2481 μενεπτόλεμος.
1578 2436 1625 2483 β’,
1644 2438 1713 2474 740

902 2486 969 2518 etc.
993 2501 1040 2508 -—
1064 2481 1256 2529 ἕρριψε,
1277 2484 1412 2539 jacere
1421 2484 1520 2518 solet.
1547 2503 1590 2509 -
1622 2484 1710 2530 Ap..

900 2527 1201 2587 καλαύροπα.
1236 2529 1369 2573 ξύλον,
1398 2527 1488 2574 ὅπερ
1513 2529 1550 2565 οἳ
1573 2528 1712 2587 βουκό-

899 2577 958 2610 λοι
989 2574 1133 2632 ε’χουσι.
1166 2576 1282 2610 Schol.
1314 2578 1343 2610 A
1379 2576 1633 2632 interpretatur
1663 2574 1708 2612 τὸ

898 2620 1084 2679 ῥόπαλον,
1109 2619 1185 2658 ἀπὸ
1211 2623 1281 2658 τοῦ
1302 2621 1435 2663 κάλον,
1463 2624 1496 2657 h.
1522 2635 1553 2657 e.
1579 2621 1705 2668 ξύλου,

898 2668 962 2703 καὶ
982 2670 1050 2704 τοῦ
1075 2668 1209 2723 ῥέπειν.
1258 2673 1294 2702 et
1315 2669 1471 2702 similiter
1494 2669 1602 2703 Sch.:
1637 2683 1707 2716 την

898 2715 1121 2774 βουκολικήν
1142 2712 1294 2771 ῥάβδον.
1344 2713 1417 2749 ἔστι
1442 2712 1483 2750 δὲ
1506 2713 1618 2758 ξύλον
1640 2729 1706 2752 κα-

895 2773 943 2795 τα
968 2759 1010 2798 τὸ
1035 2761 1160 2807 ετερον
1182 2760 1293 2805 μέρος
1316 2758 1437 2804 ῥοπὴν
1461 2759 1558 2805 ἔχον,
1586 2759 1607 2798 ὅ
1628 2760 1706 2798 ἐστι

895 2806 1023 2852 βάρος.
1070 2808 1292 2843 Antimachus
1318 2817 1374 2853 ap.
1396 2807 1523 2842 Scholl.
1544 2809 1585 2851 Β,
1611 2809 1705 2845 Vict.

895 2859 931 2888 et
956 2854 1127 2900 Apollonii
1155 2853 1267 2887 Rhod.
1293 2851 1338 2894 4,
1365 2852 1465 2888 97⁴2:
1496 2853 1631 2897 πάντες
1661 2853 1702 2891 δ’

894 2897 934 2935 ἐν
957 2902 1109 2945 χείρεσσι
1132 2897 1370 2943 καλαύροπας
1399 2897 1626 2943 οὐατοέσσας
1654 2900 1705 2937 tl-

892 2949 970 2983 λον.
1014 2947 1160 2982 habetur
1184 2945 1232 2979 ibi
1252 2949 1416 2980 accurata
1434 2946 1623 2994 descriptio
1640 2948 1704 2984 ba-
