1847 3277
642 129 1066 169 ΙΛΙΑΔΟΣ

1128 128 1183 166 Ψ.
1640 129 1725 171 235

236 238 279 288 ἐς
305 237 468 309 πηγὰς,
498 236 574 281 ὅθι
601 252 669 280 τοι
701 236 878 292 τέμενος
905 236 1050 307 βωμός
1079 252 1123 280 τε
1152 235 1305 291 θυήεις

237 294 295 346 ὡς
323 292 464 365 ἠρᾶθ’
496 293 520 336 6
549 294 716 348 γέρων,
755 293 811 337 συ
841 294 886 337 δέ
917 295 961 336 οἱ
987 293 1099 336 νόον
1128 292 1212 336 οὐκ
1241 292 1474 345 ἐτέλεσσας.

123 355 205 396 150
234 356 318 394 νῦν
345 349 387 394 δ’
424 350 512 393 ἐπεὶ
543 349 597 392 οὐ
625 351 781 405 νέομαί
809 366 857 421 γε
883 352 1017 406 φίλην
1045 350 1087 400 ἐς
1116 350 1306 401 πατρίδα
1335 355 1481 405 γαῖαι,

238 405 478 462 Πατρόκλῳ
509 406 627 478 ᾕρωϊ
653 407 794 462 κόμην
825 406 1038 460 ὀπάσαιμι
1064 406 1321 461 φέρεσθαιὲ6

193 464 196 466 ’
305 463 386 514 Ὣς
418 462 551 506 etnam
581 463 627 506 ἐν
654 465 773 519 χερσὶ
801 463 943 535 κόμην
973 462 1149 534 ἑτάροιο
1181 464 1331 517 φίλοιο

235 524 395 588 θῆκεν·
420 524 535 563 τοῖσι
565 521 610 564 δὲ
640 525 774 564 πᾶσιν
801 519 889 576 ὑφ’

920 522 1074 575 ἵμερον
1105 517 1218 572 ὦρσε
1247 518 1386 573 γόοιο.

236 579 311 620 καί
339 575 396 619 νύ
425 574 470 618 κ’
504 577 838 649 ὀδυρομένοισιν
869 577 945 620 {civ
975 577 1090 632 φάος
1116 576 1316 623 Ἠελίοιο,

128 637 207 678 155
238 635 275 677 εἰ
307 632 366 688 μὴ
392 630 608 687 Ἀχιλλεύς
636 632 737 685 αἶψ’
768 633 1054 688 Ἀγαμέμνοιι
1084 631 1177 676 εἷπε
1207 630 1456 683 παραστάς

316 691 522 745 ,Ἀτρείδη
555 691 643 743 (σοὶ
672 690 755 746 γάρ
785 707 830 733 τε
859 689 1042 746 μάλιστά
1070 707 1118 745 γε
1147 690 1252 740 λαός
1279 687 1459 744 Ἀχαιῶν

236 747 463 789 πείσονται
492 747 724 816 μύθοισι),
753 747 877 803 γόοιο
899 764 977 802 μεν
1007 747 1095 790 ἔστι
1125 747 1198 789 καὶ
1229 748 1344 788 ἀσαι.

235 807 321 849 νῦν
352 802 394 846 δ’
426 803 512 847 ἀπὸ
541 808 757 875 πυρκαιῆς
788 805 1022 854 σκέδασον,
1053 805 1124 846 καὶ
1160 805 1338 846 δεῖπνον
1367 799 1537 854 ἄνωχθι

238 860 477 903 ὅπλεσθαι·

518 860 621 903 τάδε
651 859 694 904 δ’
728 861 840 916 ἀμφὶ
869 860 1166 933 πονησόμεθ’,
1199 863 1287 902 οισι
1317 856 1526 924 μάλιστα

131 921 210 962 160
240 916 423 973 *κήδεός
453 917 541 960 ἐστι
571 918 721 968 νέκυς·
763 918 883 972 παρὰ
913 916 958 961 6'
990 919 1037 960 οἴ
1061 915 1103 960 τ’
1134 915 1234 972 ἀγοὶ
1265 914 1373 970 ἀμμὶ
1407 913 1642 969 μενόντων.

288 996 413 1031 ceteris
443 997 610 1037 dimissis,
649 997 799 1031 Achilles
833 1002 868 1030 et
892 1003 1069 1031 curatores
1094 997 1223 1030 funeris
1248 995 1396 1028 cadaver
1419 994 1597 1038 imponunt
1613 1001 1735 1036 pyrae,

207 1049 409 1086 mortuoque
429 1044 524 1088 justa
551 1045 770 1088 persoivunt,
802 1043 960 1076 mactatis
985 1055 1058 1077 cum
1083 1043 1193 1077 solitis
1217 1041 1389 1082 victimis,

210 1089 320 1130 nibus,
344 1095 381 1122 et
400 1090 588 1133 juvenibus
607 1091 649 1124 12
666 1089 840 1133 Trojauis.

1435 1046 1507 1074 tum
1533 1038 1633 1083 equis
1643 1062 1654 1079 ,
1678 1047 1737 1071 ca-

321 1154 476 1209 Αὖτάρ
507 1155 595 1200 ἐπεὶ
627 1156 721 1212 τόγ’
754 1155 943 1200 ἄκουσεν
973 1155 1081 1208 αναξ
1111 1154 1287 1208 ἀνδρῶν
1314 1153 1606 1211 Ἀγαμέμνων,

243 1212 404 1256 αυτίκα
434 1211 543 1256 λαόν
574 1213 652 1269 μὲν
683 1212 890 1256 σκεδασεν
919 1213 1029 1256 κατὰ
1057 1217 1166 1266 νῆας
1196 1212 1334 1263 ἐΐσας·

243 1269 480 1342 κηδεμόνες
511 1269 556 1313 δὲ
587 1268 699 1323 παρ’
733 1265 842 1313 αὖθι
871 1270 1028 1324 μένον,
1057 1271 1131 1312 καὶ
1160 1269 1294 1324 νήεον
1323 1268 1446 1324 ὕλην.

242 1327 431 1382 ποίησαν
468 1327 513 1370 δὲ
542 1343 689 1384 πυρην
719 1326 1016 1382 ἑκατόμπεδον
1046 1327 1155 1370 ἔνθα
1186 1327 1260 1369 καὶ
1290 1326 1420 1370 ἔνθα·

70 1437 245 1482 γόνιμον,
270 1450 444 1483 aquarum.
491 1440 607 1475 Schol.
632 1441 746 1474 Victa
782 1439 883 1483 ενορ-

71 1497 119 1528 χα
141 1487 221 1526 τοῖς
252 1489 435 1527 ποταμοῖς
456 1499 488 1521 κ.
515 1488 721 1521 Ποσειδωνι
755 1485 795 1521 δὲ
820 1485 884 1522 διὰ

72 1529 116 1565 τὸ
152 1530 191 1567 ἐκ
235 1532 305 1566 τοῦ
338 1529 455 1576 νγροῦ
488 1546 555 1575 την
588 1533 730 1577 γένεσιν
769 1532 884 1568 εἶναι·

71 1575 292 1613 Ὠκεανόν
325 1591 393 1621 τε,
425 1579 552 1614 θεῶν
575 1580 784 1623 γένεσιν.
821 1578 884 1622 (ξ’,

73 1625 173 1678 901.)
199 1624 370 1660 σκεπτέον
394 1623 454 1663 δὲ,
480 1622 530 1670 μή
553 1626 679 1670 μῆλα
703 1627 773 1660 νῦν
797 1627 887 1667 τους

73 1683 238 1714 τανρονς
262 1674 373 1715 φησί·
397 1670 555 1712 τούτους
577 1671 650 1730 γὰρ
671 1676 752 1712 τοῖς
770 1685 884 1707 ποτα-

75 1720 159 1761 μοῖς
191 1716 356 1759 ιε’ρευον·
389 1732 569 1761 τανροαι
613 1718 650 1754 δ’
682 1718 884 1763 Ἀλφειῷ.

76 1762 118 1805 λ’,
140 1765 221 1799 727.
248 1764 291 1797 de
317 1766 381 1798 hac
412 1765 670 1809 significatione
692 1767 762 1799 τοῦ
787 1767 885 1809 μτλα

77 1821 111 1843 v.
135 1821 212 1845 anu.
237 1810 279 1844 ad
304 1809 348 1853 ξ’,
375 1810 476 1854 1244
499 1813 560 1846 sed
581 1812 636 1846 hic
657 1811 792 1856 quidem
810 1818 886 1845 tau-

76 1855 107 1890 ri
147 1855 335 1900 significati
378 1862 479 1898 sunt,
529 1857 672 1903 opinor,
720 1859 885 1892 vocabulo

74 1901 286 1956 ἑκατόμβη,
312 1914 401 1936 nunc
425 1909 536 1937 autem
558 1904 648 1937 aliud
676 1907 779 1948 ροόῑιι
803 1904 888 1938 dicit.

75 1948 299 1991 sacrificium,
331 1950 423 1993 quod
455 1950 609 1984 fontibus
632 1949 799 1995 Sperchei
833 1951 886 1983 sa-

76 2005 156 2028 cere
189 1994 337 2029 voluerit
370 1994 506 2030 Peleus,
559 1996 606 2030 cf.
644 1998 711 2031 166
744 2002 811 2030 etc.
841 2014 887 2022 ——

15 2060 18 2063 ,
74 2038 184 2084 παρ’
211 2039 400 2083 αντόφι.
425 2040 524 2084 παρ’
547 2039 886 2083 mimis-,wlstani-

75 2099 176 2131 ροις,
207 2089 304 2132 apud
330 2093 470 2131 tauros,
503 2089 535 2121 h.
559 2100 578 2122 e
617 2094 756 2133 praeter
779 2089 886 2122 heca-

35 2162 45 2173 ,
77 2134 226 2168 tomben.
259 2135 310 2167 sic
334 2134 445 2178 Lips„
471 2134 610 2169 Townl.
638 2141 673 2168 et
697 2147 782 2168 unus
800 2135 886 2169 Vin-

77 2179 156 2216 dub.
189 2179 248 2214 alii
277 2180 379 2214 etiam
412 2181 444 2214 h.
476 2181 498 2214 l.
531 2178 626 2223 παρ’
652 2179 810 2217 αὐτόθι.
853 2191 889 2213 v.

81 2223 125 2268 ν’,
150 2225 208 2261 42.
231 2245 277 2250 —
317 2226 456 2268 νόον,
488 2232 635 2260 mentem
649 2253 659 2269 ‚
704 2228 890 2264 consilium.

81 2276 207 2306 votum.
242 2291 284 2297 —
319 2273 420 2306 sch..
457 2271 709 2317 ὀπάσαιμι
735 2273 799 2318 (η’,
824 2273 893 2309 205

81 2318 170 2361 eto.)
193 2330 430 2363 παρασχοιμι.
454 2338 500 2345 —·
533 2320 795 2365 φέρεσθαι,
830 2331 895 2353 au-

77 2367 193 2408 ferre,
227 2364 365 2399 hahere.

131 2411 343 2447 157-160·
365 2410 455 2455 „76
469 2423 541 2446 οιο
560 2431 605 2437 -
626 2407 760 2454 ἆσαι,
787 2416 895 2445 estet

82 2457 195 2490 luctus
216 2459 362 2490 satietas
396 2464 431 2490 et
464 2460 594 2492 modus.
641 2460 691 2492 sic
717 2457 762 2501 v',
795 2459 893 2493 636.τ

80 2501 234 2538 πάντων
257 2501 324 2544 μὲν
347 2502 457 2545 κόρος
481 2502 567 2539 ἐστί.
601 2504 644 2539 de
668 2506 774 2539 verbo
804 2500 892 2538 ασαι

82 2561 117 2582 v.
141 2548 180 2590 ε’,
202 2551 284 2585 203.
335 2548 435 2584 ἔστι
461 2561 521 2595 pro
548 2549 622 2585 ἐστὶ
648 2551 724 2585 οΙίιιι
751 2550 891 2593 vulgato

81 2595 293 2640 seripserunt
313 2596 381 2630 viri
401 2596 493 2630 docti
510 2609 552 2632 ex
576 2603 763 2642 praecepto
783 2597 891 2630 Scho-

82 2641 205 2676 liutae
229 2641 340 2675 Vict:
369 2641 627 2687 ἐπαγγελτικῶς
648 2644 688 2686 (h
718 2655 747 2676 e.
771 2639 890 2686 ἐμφα-

86 2687 214 2729 ταῶς,
251 2699 314 2722 nec
339 2694 377 2721 ut
413 2690 621 2733 enciiticum)
655 2689 892 2731 προενεκτέον

86 2731 129 2768 τὰ
162 2732 315 2776 ἔστιν,
348 2732 418 2776 ὥς·
461 2734 578 2780 (549.)
614 2734 747 2793 ἔστιν
779 2733 818 2770 6'
845 2733 894 2770 ἐν

87 2781 246 2836 κλισίη
285 2781 466 2825 χρυσός
496 2781 666 2824 πολυς,
708 2781 813 2817 ἔστι
846 2780 893 2817 δε·

87 2817 271 2869 χαλκός.
295 2846 340 2853 ·-
365 2826 454 2864 α’πὸ
479 2841 624 2873 nvem,
659 2830 703 2862 ab
725 2829 895 2870 incendio,

89 2884 108 2905 a
143 2883 227 2916 rogo
262 2875 490 2912 accendendo.
523 2895 564 2900 —
624 2877 826 2911 δεῖπνον
850 2893 893 2900 -

88 2914 338 2954 ὅπλεσθαι.
376 2920 419 2962 τ’,
446 2923 523 2957 172.
548 2919 822 2964 -ἆνωχθι..
850 2919 895 2965 κ’,

85 2965 131 2999 67
154 2969 222 2999 etc·
245 2985 290 2991 —
321 2964 465 3012 ἀμφὶ,
498 2970 645 3010 circum,
680 2967 770 3013 apud
805 2979 894 3001 mor-

87 3017 189 3044 tuum.
224 3013 275 3045 sic
299 3013 403 3047 Bam
397 3038 419 3056 ‚
444 3014 487 3048 Η.
526 3026 705 3060 perperam
731 3014 787 3048 alii
815 3026 894 3048 con-

926 1442 1065 1486 juncte.
1095 1436 1445 1484 ἀμφιπονησόμεθ’,
1478 1436 1552 1470 sine
1590 1433 1743 1479 legitima

931 1498 1086 1520 caesura.
1115 1507 1151 1511 —
1190 1480 1744 1537 801ι.κήδεος.φρόντιδος

931 1531 1052 1575 ἄξιος,
1095 1530 1326 1575 κηδεύσιμος.
1359 1532 1468 1575 (idem
1501 1534 1554 1563 est
1585 1526 1744 1581 κήδειος.

931 1591 963 1612 v.
991 1578 1034 1620 τ’,
1069 1580 1170 1629 294)
1203 1577 1469 1632 κηδεμόνες
1501 1573 1590 1632 γάρ
1606 1573 1643 1609 οἱ
1680 1586 1744 1608 κυ-

932 1638 1030 1668 ριοι,
1064 1629 1120 1665 οἱς
1151 1625 1311 1666 μάλιστα
1344 1622 1520 1667 προσήκει
1551 1620 1594 1656 τὸ
1622 1632 1740 1662 φρον-

931 1674 1051 1714 τίζειν.
1100 1671 1254 1716 pertinet
1276 1672 1340 1705 hoc
1365 1671 1407 1705 ad
1435 1672 1511 1705 163.
1547 1667 1745 1711 intelligen-

931 1718 965 1751 di
991 1722 1102 1751 autem
1128 1723 1206 1751 sunt
1231 1724 1409 1752 curatores
1441 1714 1592 1756 funeris,
1630 1714 1673 1748 ab
1698 1714 1744 1745 A-

932 1763 1033 1798 chille
1069 1763 1258 1798 constituti.
1315 1740 1744 1807 virg.Aen.1’1‚60.=

931 1815 1003 1845 toto
1028 1811 1131 1843 lectos
1155 1822 1195 1843 ez·
1217 1811 1359 1855 agmine
1389 1810 1496 1842 mittit
1522 1808 1618 1840 Mille
1640 1806 1745 1846 viros,

932 1857 991 1901 qui
1021 1867 1216 1900 supremum
1255 1857 1460 1890 comitentur
1493 1855 1665 1889 honorem.
1697 1870 1745 1876 -

932 1901 1063 1944 παρὰ
1089 1901 1125 1936 6²
1153 1903 1206 1937 οῖ’
1225 1901 1259 1937 τ’
1288 1900 1335 1944 οἱ,
1336 1904 1412 1937 οί.
1438 1901 1489 1935 sic
1510 1898 1644 1943 vulgati
1667 1898 1745 1933 olim

933 1949 1052 1990 codd.;
1078 1950 1221 1991 atVen„
1243 1929 1357 1990 Harl‘„
1380 1947 1482 1988 Mori,
1501 1947 1607 1979 Mose.
1619 1947 1667 1985 2,
1690 1944 1745 1978 ed.

932 1995 1048 2036 Rom,
1075 1996 1105 2029 E
1127 2001 1161 2030 et
1177 1996 1270 2036 Sch,
1295 1995 1476 2029 secundum
1491 1991 1745 2044 Aristarchum.

934 2041 970 2077 οἱ
1009 2042 1135 2085 ταγοὶ,
1187 2042 1414 2086 probantibus
1457 2038 1629 2083 plerisque
1660 2035 1748 2071 viris

933 2088 1068 2131 doctis,
1094 2100 1167 2122 cum
1192 2092 1228 2122 et
1250 2087 1417 2121 inusitata
1440 2087 1488 2120 sit
1513 2085 1662 2118 Homero
1681 2093 1748 2116 vox

931 2132 1065 2189 ταγός,
1099 2140 1134 2167 et
1159 2147 1179 2167 a
1203 2140 1310 2168 metro
1344 2133 1552 2171 abhorreat,
1589 2136 1628 2164 ut
1651 2129 1750 2173 cujus

935 2181 1031 2235 prior
1064 2180 1278 2235 producatur
1313 2179 1405 2236 apud
1437 2176 1592 2212 scenicos
1616 2178 1749 2220 posstas.

937 2227 1094 2262 restituit
1117 2227 1223 2271 igitur
1248 2227 1354 2260 Barn.
1380 2223 1489 2269 οἷγοι,
1514 2222 1654 2256 verbum
1678 2222 1751 2254 fre-

939 2284 1048 2317 quens
1089 2284 1145 2318 ap.
1179 2273 1266 2306 hunc
1309 2277 1479 2309 nostrum,
1524 2269 1684 2312 idemque
1716 2271 1753 2300 et

941 2319 1100 2363 Bentlejo
1137 2318 1266 2364 placuit
1290 2323 1323 2352 et
1349 2319 1515 2362 Heyne03
1553 2320 1648 2348 recte
1672 2312 1752 2356 qui·-

943 2367 1031 2405 dem,
1047 2377 1098 2399 me
1119 2365 1258 2409 judice3
1284 2365 1344 2398 sed
1371 2363 1504 2397 eosdem
1531 2361 1635 2395 miror
1660 2360 1753 2392 ferre

939 2412 982 2447 τὸ
1007 2410 1043 2445 τὶ·-
1102 2411 1194 2456 quod
1229 2389 1402 2444 aimndare
1436 2417 1614 2454 perperam
1650 2409 1751 2449 puta-

940 2459 1000 2493 bat
1023 2437 1210 2514 1)1οη)εἰυ5
1233 2457 1364 2491 Thrax.
1391 2456 1456 2489 imo
1487 2451 1684 2504 ponendum
1699 2455 1754 2484 est

940 2517 974 2539 οι
1000 2517 1020 2548 y
1064 2501 1159 2548 ἀγοὶ,
1185 2505 1286 2537 duces
1311 2503 1460 2547 quidem,
1487 2511 1571 2545 quas
1597 2497 1751 2542 particu-

938 2551 988 2584 las
1013 2562 1117 2595 saepe
1141 2551 1302 2584 confusas
1327 2561 1423 2591 esse,
1447 2558 1543 2581 nemo
1570 2543 1670 2589 paulo
1686 2544 1753 2578 hu-

938 2596 1068 2631 manior
1089 2597 1262 2675 ignorat-u

987 2644 1071 2683 163,
1115 2644 1191 2678 16‘4.
1273 2637 1528 2693 ηδεμόνες,
1576 2639 1752 2669 curatores

938 2689 1068 2723 funeris
1113 2691 1158 2723 cf.
1185 2687 1263 2724 674.
1293 2707 1330 2711 —
1359 2687 1462 2719 Seu:
1496 2680 1753 2725 εκατόμπε-

939 2737 1024 2770 δον
1066 2734 1189 2770 ἔνθα
1232 2749 1265 2769 u.
1310 2732 1445 2767 ἔνθα.
1505 2726 1752 2773 τετράγωνον,

940 2779 1031 2817 ὥστε
1064 2781 1222 2824 ἑκάστην
1255 2777 1418 2820 πλευράν
1459 2775 1589 2811 ἑκατὸν
1623 2775 1752 2810 ποδῶν

939 2828 1074 2872 μέτρον
1106 2828 1208 2871 ἔχειν.
1260 2826 1417 2861 similiter
1444 2823 1512 2857 alii.
1560 2821 1614 2856 ed.
1641 2820 1752 2861 Rom„

942 2876 984 2915 F,
1009 2877 1054 2910 T.
1079 2875 1225 2918 Steph.
1259 2870 1537 2915 εκατόμποὸον,
1574 2867 1662 2912 quod
1695 2879 1752 2901 re—

943 2922 1106 2976 pudiasse
1135 2921 1295 2953 videntur
1321 2920 1352 2951 G
1359 2917 1469 2957 raeci,
1503 2922 1663 2958 tanquam
1687 2926 1750 2947 nez—

941 2966 1137 3012 κόφωνον,
1163 2967 1224 3000 nisi
1251 2964 1454 2998 ιοιυεῑίυιεε
1477 2961 1578 2996 πόδα
1602 2959 1755 2993 dixerint

943 3015 1043 3049 etiam
1069 3013 1185 3057 πέδην
1217 3024 1275 3047 seu
1299 3011 1434 3053 πέζαν,
1468 3019 1556 3055 quae
1579 3011 1634 3041 est
1657 3005 1753 3050 Iiey-
