1877 3277
113 138 196 180 136

756 133 1151 176 ΟΜΗΡΟΥ

169 246 251 288 85
282 241 446 291 ἵππους
475 235 525 284 εὖ
553 239 664 284 κατὰ
692 240 864 296 κόσμον
891 239 1119 311 ἐρυκέμεν
1130 233 1241 282 αὖθ’
1270 238 1338 283 ἐπὶ
1367 239 1548 298 τάφρῳ

281 298 326 341 οἱ
354 296 401 340 δὲ
430 296 701 349 διαστάντες,
732 299 868 366 σφέας
899 295 1062 346 αὐτούς
1092 295 1369 350 ἀρτύναντες,

277 353 468 408 πένταχα
479 352 785 424 κοσμηθέντες
814 352 893 424 ἅμ’
923 351 1208 424 ἡγεμόνεσσιν
1236 352 1407 396 ἕποντο

362 411 415 452 Οἱ
444 409 524 464 μὲν
553 409 633 464 ἀμ’
653 407 833 478 Ἕκτορ’
866 410 969 452 ἰ’σαν
997 408 1069 452 καὶ
1101 406 1297 463 άμύμονι
1326 409 1684 477 Πουλυδάμαντι,

279 466 321 508 οἳ
347 469 540 509 πλεῖστοι
572 465 647 508 καὶ
676 464 844 519 ἄριστοι
875 465 1004 516 ε’σαν,
1035 464 1235 532 μέμασαν
1265 465 1311 508 δὲ
1338 464 1527 521 μάλιστα

194 526 250 567 90
279 525 418 577 τεῖχος
446 521 685 590 ῥηξάμενοι
706 523 862 593 κοίλῃς
886 520 956 565 ἐπὶ
985 521 1118 576 νηυσὶ
1146 520 1384 591 μάχεσθαι·

278 580 353 620 καί
383 589 491 633 σφιν
521 577 763 647 Κεβριόνης
792 578 937 631 τρίτος
967 578 1137 620 ει’·πετο
1169 593 1258 631 παρ

1290 576 1384 620 δ”
1367 577 1442 634 ἄρ’
1476 578 1659 636 ὄχεσφιν

276 633 434 686 ἄλλον,
431 634 733 705 Κεβριόναο
747 635 969 693 χερείονα,
999 633 1206 677 κάλλιπεν
1223 633 1407 690 ”.Εκτωρ

275 694 366 733 τῶν
395 688 442 733 6’
471 706 632 742 ετερων
659 688 804 744 Πάρις
831 693 956 747 ἦρχε,
987 691 1061 733 καὶ
1091 689 1356 744 Ἀλκάθοος,
1387 692 1463 735 καὶ
1488 690 1710 750 Ἀγήνωρ·

274 763 364 789 των
394 746 441 789 δὲ
468 748 628 799 τρίτων
644 745 827 798 ’Ἑλενος
855 748 929 790 καὶ
955 749 1186 818 Δηΐφοβος
1215 746 1428 817 θεοειδὴς,

191 806 246 849 95
274 799 343 846 υἷε
372 800 465 845 δύω
497 801 740 858 Πριάμοιο·
758 804 915 872 τρίτος
950 802 997 846 δ’

1028 801 1086 859 ἦν
1103 802 1254 853 ”Amos
1283 803 1416 859 ἥρως,

264 857 413 909 ’Ἄσιος
445 857 723 914 Ὑρτακίδης,
754 857 807 902 ὃν
830 858 1094 929 Ἀρίσβηθεν
1124 860 1266 914 φέρον
1296 861 1422 904 ἵπποι

276 915 484 966 αἴθωνες,
514 915 717 971 μεγάλοι,
725 920 949 988 ποταμοῦ
979 915 1069 958 α’πο
1100 915 1380 986 Σελλήεντος.

276 987 365 1013 των
396 972 442 1014 δὲ
471 973 687 1025 τετάρτων
713 968 846 1042 ἦρχεν
879 971 951 1024 ἐῢς
979 972 1082 1024 πάϊς
1106 971 1319 1032 Ἀγχίσαο,

275 1028 474 1079 Αἰνείας·
504 1028 594 1100 ἅμα
621 1032 735 1100 τῷγε
761 1027 854 1073 δύω
878 1027 1168 1099 Ἀντήνορος
1169 1032 1249 1080 vis,

163 1090 244 1129 100
268 1080 522 1139 Ἀρχέλοχός
550 1083 608 1138 τ’,
634 1083 822 1158 Ἀκάμας
851 1102 919 1139 τε,
953 1085 1089 1142 μάχης
1119 1087 1170 1129 εὐ
1199 1084 1335 1130 εἰδότε
1364 1082 1516 1141 πάσης.

277 1141 533 1212 Σαρπηδων
564 1141 608 1185 6'
637 1139 822 1198 ἡγήσατ’
855 1142 1121 1214 α’γακλειτων
1151 1141 1412 1195 ἐπικούρων,

274 1196 387 1250 πρὸς
417 1196 462 1240 δ’
494 1197 612 1241 ἕλετο
644 1202 850 1243 Γλαῦκον
878 1200 952 1243 καὶ
987 1197 1164 1272 ἀρήϊον
1168 1196 1502 1253 Ἀστεροπαῖον·

276 1254 322 1296 οἱ
346 1253 432 1323 γάρ
466 1270 509 1296 οι
539 1256 712 1299 είσαντο
743 1256 973 1309 διακριδὸν
1003 1260 1116 1298 εἰναι
1145 1254 1319 1310 άριστοι

274 1325 365 1352 των
395 1310 542 1354 ἄλλων
571 1310 677 1365 μετά
708 1310 753 1368 γ’
786 1311 948 1356 αὐτόν·
979 1310 1002 1357 6
1035 1310 1080 1356 6'
1112 1311 1268 1367 ε’πρεπε
1298 1310 1372 1355 καὶ
1403 1309 1476 1354 διὰ
1505 1309 1697 1354 πάντων.

166 1368 246 1411 105
277 1367 321 1409 οἱ
351 1364 396 1409 δ’
427 1366 520 1411 ἐπεὶ
549 1366 766 1425 ἀλλήλους
794 1367 968 1425 α’ραρον
996 1373 1180 1426 τυκτῇσι
1209 1370 1402 1425 βόεσσιν,

150 1501 216 1542 86,
242 1502 275 1537 7.
323 1498 420 1546 οἷρτ
444 1501 501 1538 43.
533 1522 578 1528 -
609 1501 841 1549 πένταχα,
874 1508 914 1538 ut

104 1547 228 1590 τρίχα,
261 1545 440 1592 τέτραχα,
474 1549 567 1604 quod
602 1550 702 1584 Hom.
725 1549 913 1595 τετραχθα

104 1592 208 1634 dicit,
234 1593 284 1627 uti
309 1601 346 1628 et
369 1593 519 1639 τριχθά,
544 1596 644 1629 metri
668 1597 793 1641 gratia.
819 1598 913 1632 Sch..

103 1639 329 1684 πένταχα.
365 1642 417 1681 εἰς
449 1640 555 1676 πέντε
580 1640 710 1697 τάξεις.
758 1644 915 1677 referunt

104 1685 170 1718 hoc
192 1685 308 1720 Schol.
334 1687 363 1719 A
387 1692 423 1722 et
447 1687 479 1720 E
496 1688 539 1721 ad
558 1689 580 1722 5
605 1685 803 1733 ἡγεμονίας
821 1690 914 1723 Tro-

101 1730 269 1775 jamtum,
295 1743 385 1776 quae
407 1730 602 1777 ἡγεμονίαι
624 1742 846 1769 recensentur
868 1734 915 1780 β’,

105 1777 225 1811 816-
237 1779 319 1812 839
351 1790 384 1811 v.
412 1790 489 1814 ann.
514 1780 558 1813 ad
585 1783 662 1816 101.
697 1782 808 1815 minus
833 1793 915 1839 pro-

104 1823 219 1856 babile
245 1828 310 1879 est,
336 1825 428 1869 quod
453 1825 550 1859 addit
574 1826 688 1861 Schol.
715 1829 764 1861 A:
790 1825 812 1872 ἢ
836 1826 915 1862 ἐπεὶ

103 1867 209 1904 πέντε
235 1865 328 1913 ἦσαν
352 1871 479 1907 πύλαι.
526 1872 612 1906 dicit
646 1878 758 1907 autem
795 1879 914 1919 portas

104 1922 293 1949 castrorum
314 1928 529 1959 graecorum,
556 1929 695 1963 quorum
715 1931 816 1953 unam
836 1925 916 1954 tan-

104 1963 274 1995 tummodo
309 1963 409 1996 Hom.
441 1975 702 1999 commemorare
735 1966 831 1999 solet.
880 1977 915 2000 v.

103 2005 152 2050 η’,
174 2005 254 2046 438,
280 2009 313 2042 9.
339 2019 415 2041 nam
434 2010 588 2054 suspecti
604 2016 685 2044 sunt
704 2012 803 2056 hujus
822 2011 914 2055 libri,

105 2064 203 2096 quem
238 2059 448 2096 tractamus,
490 2067 613 2089 versus
647 2057 845 2092 175—181
880 2063 916 2091 et

103 2099 221 2133 339—
235 2098 323 2139 341,
346 2100 382 2133 in
407 2099 528 2144 quibus
545 2102 659 2146 plures
678 2102 839 2136 dicuntur
856 2116 914 2137 ca—

104 2150 250 2178 strorum
277 2152 420 2189 portae;
456 2147 546 2191 quod
581 2154 694 2181 tamen
726 2149 914 2194 arripuisse

104 2189 241 2223 videtur
277 2191 469 2225 Graeculus
509 2192 552 2226 ad
590 2193 811 2228 imitationem
848 2198 915 2230 Ae·-

104 2235 237 2279 schyli‚
270 2236 329 2279 qui
354 2238 375 2271 7
400 2238 604 2282 Argivorum
638 2240 744 2274 duces
769 2241 914 2275 totidem

105 2287 225 2326 portas
249 2283 448 2316 Thebarum
475 2284 675 2329 impugnare
700 2287 801 2331 fingit
820 2287 913 2321 The-

105 2327 219 2361 balde.
260 2326 294 2372 η’
320 2333 432 2362 autem
465 2331 543 2366 339
580 2336 615 2364 et
646 2332 725 2368 438.
751 2344 819 2366 vox
844 2332 915 2368 πύ-

103 2376 165 2407 λαι
198 2384 296 2407 unam
330 2380 460 2418 portam
493 2377 688 2420 significat,
723 2390 815 2413 more
839 2379 914 2413 Ho-

104 2419 201 2459 meri,
228 2424 266 2452 ut
282 2419 481 2454 observavit
500 2423 531 2455 H
550 2434 696 2457 excursu
714 2427 743 2459 1.
761 2425 805 2458 ad
826 2425 914 2459 bunc

105 2464 238 2499 librum.
286 2476 362 2506 nec,
388 2466 416 2499 si
443 2467 596 2511 pluribus
621 2469 705 2502 locis
731 2478 914 2515 pugnetur,

105 2509 230 2554 ubi1ue
255 2510 298 2544 ad
315 2517 446 2555 portam
470 2518 657 2558 pugnatum
678 2527 754 2550 esse
773 2518 833 2560 ait,
855 2529 914 2551 ve-

104 2567 178 2589 rum
210 2556 253 2589 ad
288 2556 411 2591 vallum
447 2564 482 2592 et
513 2566 637 2594 turres.
695 2563 744 2595 ita
781 2574 820 2596 se
845 2574 914 2597 rem

105 2602 233 2635 habere
258 2614 331 2635 cum
358 2604 508 2638 Hectore
543 2605 687 2639 inferius
711 2609 779 2643 256
804 2620 914 2654 seqq,

105 2651 140 2680 et
166 2659 240 2681 cum
266 2649 466 2693 Sarpedone
489 2651 578 2692 308,
603 2652 692 2693 332,
721 2655 808 2695 397,
833 2655 914 2696 416,

105 2692 207 2733 430.,
234 2694 342 2727 donec
370 2696 411 2728 ad
436 2702 566 2740 portam
587 2698 720 2732 Hector
745 2679 914 2734 accedens

105 2749 188 2771 saxo
214 2739 305 2772 fores
329 2740 509 2785 diffringat
533 2742 612 2777 445.
629 2754 740 2789 seqq,
766 2746 870 2780 aliis
862 2759 915 2780 ιιι-

107 2790 202 2817 terea
227 2785 350 2819 vallum
376 2788 647 2822 escendentibus.

152 2831 247 2863 88—
258 2832 313 2864 92.
354 2830 551 2876 ’ἴΕκτορ
573 2834 733 2880 Ἑκτορι.
760 2835 800 2877 ε’,
814 2839 913 2872 5etc.

106 2893 151 2899 —-
179 2876 450 2920 Κεβριόναο
476 2883 724 2923 χερείονα,
753 2884 915 2918 Cebrione

106 2921 323 2963 inferiorem,
358 2924 390 2957 h.
417 2939 446 2959 e.
479 2927 587 2970 magis
611 2933 726 2972 aptum
752 2928 794 2962 ad
820 2930 915 2964 auri-

107 2965 251 3010 gandum
278 2980 377 3012 quam
406 2971 448 3005 ad
482 2975 714 3016 pugnandum.
754 2975 915 3010 fortiores

958 1504 1035 1538 fere
1069 1508 1170 1539 erant
1211 1501 1448 1558 παραιβάται
1481 1514 1583 1547 qnam
1615 1502 1773 1548 aurigae,

960 1550 1020 1596 qui
1055 1549 1288 1595 θεράποντες
1330 1550 1449 1584 vocari
1484 1549 1596 1582 solent
1629 1549 1726 1592 (111.
1732 1549 1773 1593 );

960 1608 1024 1630 nec
1048 1601 1160 1631 tamen
1186 1598 1383 1642 despectum
1408 1596 1475 1629 fuit
1496 1596 1616 1629 horum
1639 1606 1771 1638 munus,

961 1654 1029 1686 quo
1064 1644 1120 1676 vel
1154 1643 1355 1678 nobilissimi
1379 1643 1617 1686 fungerentur.
1665 1653 1698 1677 v.
1726 1640 1772 1683 κ’,

960 1687 1086 1769 4⁶29—
1096 1688 1186 1768 421,
1224 1690 1348 1735 Κὸρίιο
1371 1689 1544 1733 Kriegsw.
1575 1688 1609 1722 d.
1640 1688 1700 1722 Gr.
1734 1699 1770 1732 p.

1006 1781 1063 1815 93.
1109 1782 1200 1815 ταῖν
1235 1777 1275 1816 δ’
1312 1778 1493 1835 ετέρων.
1539 1780 1614 1813 ταῖν
1648 1777 1773 1814 δευτέ-

962 1837 1057 1869 ρων,
1097 1828 1164 1871 τῆς
1197 1825 1372 1871 δευτέρας
1406 1824 1555 1868 τάξεως.
1589 1826 1706 1860 Schol.
1731 1828 1773 1862 A.

961 1872 1133 1907 notandus
1157 1873 1213 1907 hic
1238 1885 1319 1907 usus
1343 1873 1443 1906 verbi
1467 1870 1613 1914 ἕτερος,
1647 1871 1706 1905 ubi
1736 1877 1775 1905 et

960 1919 1113 1959 tertium,
1129 1926 1300 1963 quartum,
1314 1919 1470 1964 quintum
1488 1918 1635 1963 denique
1652 1928 1775 1961 agmen

961 1970 1184 1999 memoratur.

1007 2012 1200 2046 95—100.
1239 2009 1390 2050 ’Ἀσιος
1427 2005 1578 2054 ἥρως,
1608 2007 1774 2050 Ἀσιος

955 2051 1258 2100 (Τρτακίδης.
1298 2056 1528 2113 epanalepsis.
1568 2066 1600 2088 v.
1625 2067 1702 2089 ann.
1729 2055 1773 2089 ad

961 2101 1005 2157 β’,
1030 2104 1122 2146 671,
1149 2105 1270 2138 837-
1283 2103 1361 2138 839.
1393 2121 1439 2127 -
1470 2094 1773 2146 Ἀρίσβηθεν.

961 2145 1006 2191 β’,
1029 2149 1107 2182 836.
1126 2169 1171 2173 -
1195 2147 1476 2193 Ἀρχέλοχος.
1503 2148 1606 2183 Barn
1627 2152 1773 2182 temere·

956 2193 1170 2239 Ἀρχίλοχος.
1203 2207 1236 2229 v.
1263 2206 1340 2228 ann.
1367 2195 1410 2228 ad
1434 2193 1480 2240 β’,
1507 2194 1588 2228 823

1009 2243 1088 2275 101.
1134 2241 1244 2285 igitur
1254 2241 1486 2285 Trojanorum
1505 2239 1672 2274 nonnisi4
1691 2237 1774 2284 ἡγε-

960 2290 1093 2330 μονίας
1116 2287 1189 2321 sive
1216 2287 1352 2332 agmina
1385 2287 1440 2321 hic
1474 2291 1630 2320 numerat
1658 2286 1772 2328 Hom„

961 2332 1115 2377 quintam
1140 2345 1222 2367 vero
1248 2344 1378 2367 manum
1403 2333 1594 2373 sociorum,
1617 2343 1715 2366 secus
1732 2344 1774 2366 ac

960 2379 1073 2412 visum
1109 2383 1161 2412 est
1196 2379 1425 2423 grammaticis
1461 2390 1539 2412 ann.
1572 2377 1616 2411 ad
1641 2379 1695 2413 87.
1727 2396 1774 2404 —

961 2421 1125 2468 ἆγακλ.
1162 2422 1388 2468 α’γακλυταῖν.
1424 2424 1611 2470 appellatio
1635 2423 1774 2458 honori-

960 2470 1046 2511 fica,
1072 2476 1111 2504 ut
1135 2470 1353 2514 τηλέκλειτοι
1380 2472 1455 2506 109.
1482 2475 1518 2504 et
1542 2471 1680 2515 passim.

1011 2518 1220 2552 102-104.
1269 2516 1388 2562 πρὸς
1414 2515 1449 2551 δ’
1478 2515 1624 2552 ελετο.
1660 2527 1774 2559 προσ-

962 2560 1067 2608 έλαβε
1093 2561 1144 2597 δέ.
1180 2564 1279 2608 (γᾶρ
1307 2564 1363 2599 οὶ.
1395 2562 1440 2604 κ’,
1468 2563 1537 2598 232
1561 2563 1652 2606 etc.)
1700 2563 1773 2598 εἴ-

962 2619 1124 2643 σαντο.
1163 2609 1317 2652 ἔδοξαν,
1343 2608 1617 2653 κατεφάνησαν.
1666 2610 1773 2644 δια-

960 2654 1148 2697 κριδόν.
1189 2655 1280 2692 ὥστε
1313 2656 1571 2698 διακεκρίσθαι
1602 2655 1664 2690 καὶ
1698 2668 1773 2699 φα-

960 2700 1070 2744 νερὸν
1095 2706 1190 2736 εἰναι
1214 2705 1341 2738 πᾶσιν.
1367 2700 1527 2746 (ἐξόχως.
1564 2702 1711 2744 διακρ.
1727 2720 1772 2726 -

961 2749 1052 2781 ταῖν
1080 2746 1248 2791 αλλων,
1267 2750 1453 2792 fortissimi
1468 2758 1555 2792 prae
1574 2749 1706 2781 ceteris.
1728 2766 1772 2772 —

962 2792 982 2828 6
1011 2790 1050 2828 δ’
1077 2792 1173 2837 ε’.πρ
1199 2808 1230 2828 κ.
1257 2797 1289 2830 6.
1316 2809 1356 2830 π.
1391 2796 1462 2838 ipsc
1489 2805 1570 2826 vero
1589 2795 1643 2826 vel
1659 2805 1773 2828 ornnes

965 2840 1150 2883 ['Irojanos
1174 2841 1375 2886 sociosque;
1401 2851 1467 2873 non
1483 2839 1589 2873 solum
1610 2839 1685 2881 hos,
1712 2840 1773 2884 qui

963 2897 1050 2919 nunc
1068 2896 1141 2919 eum
1158 2886 1406 2943 sequebantur]
1420 2886 1654 2920 antecellebat
1661 2889 1675 2928 )
1691 2887 1773 2920 Sch.

1010 2932 1076 2967 105
1097 2934 1232 2966 —107.
1281 2931 1470 2976 ἄραρον.
1506 2929 1773 2976 η’σφαλισαντο,

962 2975 1141 3023 ἥρμοσαν.
1172 2979 1305 3023 (Schol.
1330 2980 1379 3013 Β.
1405 2977 1584 3024 ἔφραξαν,
1608 2976 1774 3014 ἐπύκνω·
