1847 3277
155 186 239 226 260
797 186 1196 229 ΟΜΗΡΟΥ·

325 291 457 346 ἄνδρε
487 292 578 335 δύω
608 293 706 347 περὶ
733 297 871 338 τῶνδε
903 294 1156 365 κελεύομεν,
1186 295 1304 351 ὥπερ
1335 293 1506 345 ἀρίστω,

212 354 294 394 660
322 349 405 400 πὺξ
435 347 536 404 μάλ’
569 348 851 406 ἀνασχομένω
880 351 1159 420 πεπληγέμεν.
1210 353 1244 407 ᾧ
1274 351 1321 394 δέ
1351 349 1393 394 κ’
1422 349 1642 396 Ἀπόλλων

323 405 415 475 δώῃ
443 408 709 461 καμμονίην,
737 407 911 475 γνᾱξωσι
941 407 986 450 δε
1013 408 1168 456 πάντες
1194 396 1364 462 Ἀχαιοὶ,

322 461 508 516 ἡμίονον
535 467 776 516 ταλαεργον
805 479 925 518 αγων
952 465 1172 532 κλισίηνδε
1200 464 1392 506 νεέσθω·

323 517 462 573 αύτοὶρ
494 517 517 562 ὁ
547 520 743 574 νικηθεὶς
771 520 903 570 δέπας
932 521 1092 563 οἴσεται
1125 517 1494 575 ἀμφικύπελλον.ιι

590 607 739 652 gloriose
760 613 895 643 ceteros
919 614 1086 655 provocat
1113 609 1242 654 EpeuS.

384 684 468 735 ‘¹529
498 683 647 739 ἔφατ’·
680 685 853 740 ω’ρνυτο
880 685 926 729 δ’
956 685 1104 730 αὐτίκ’
1135 686 1246 740 ἀνήρ
1276 684 1357 740 ἠΰς
1389 702 1433 730 τε
1443 719 1454 739 ,
1483 687 1618 743 μέγας
1646 704 1703 741 τε,

207 745 288 787 665
318 742 442 792 εἰδώς
472 742 736 811 πυγμαχίης,
770 743 866 793 υἱὸς
898 747 1136 799 Πανοπῆος
1162 741 1345 794 Ἐπειός·

322 799 464 849 ἅψατο
501 798 543 840 δ’
573 797 762 853 ἡμιόνου
790 804 1057 854 ταλαεργοῦ,
1088 798 1292 854 φωνησέν
1320 814 1386 841 τε·

401 858 615 914 ,,Ἀσσον’
606 867 702 917 ίτω,
734 865 853 916 ὅστις
882 867 1014 916 δέπας
1043 868 1206 909 οἴσεται
1235 864 1585 920 ἀμφικύπελλον·

317 918 505 989 ἡμίονον
534 920 578 964 6'
608 920 666 965 οὔ
694 924 806 993 φημί
838 921 922 965 τιν’
955 922 1131 983 ἀξέμεν
1139 921 1275 992 ἄλλον
1301 923 1498 977 Ἀχαιῶν,

315 981 463 1047 πυγμῇ
493 977 734 1045 νικήσαντ’,
764 978 854 1022 ἐπεὶ
882 977 1060 1034 εὔχομαι
1091 977 1201 1022 εἶναι
1232 978 1419 1049 ἄριστος.

207 1039 289 1079 670
316 1035 344 1104 ἡ
376 1050 456 1102 ουχ
485 1033 598 1085 ἅλις,
631 1035 720 1078 όττι
751 1036 886 1091 μάχης
917 1035 1196 1090 ἐπιδεύομαι,
1229 1035 1330 1079 οὐδ’
1363 1035 1448 1090 ἄρα
1478 1048 1569 1083 πως
1598 1050 1654 1089 ην

313 1089 360 1132 ἐν
389 1089 596 1134 πάντεσσ’
627 1091 793 1145 ἔργοισι
822 1091 1021 1147 δαήμονα
1052 1096 1178 1148 φῶτα
1206 1091 1424 1146 γενέσθαι.

315 1146 401 1190 ωδε
429 1163 513 1201 γαρ
545 1148 719 1200 ἐξερέω,
750 1149 798 1191 τό
830 1149 875 1192 δὲ
904 1150 978 1191 καὶ
1007 1150 1303 1219 τετελεσμένον
1335 1149 1473 1191 ε’·σται

315 1201 496 1256 ἄντικρυ
527 1204 639 1258 χρόα
667 1220 711 1247 τε
742 1203 879 1259 ῥήξω,
910 1205 991 1256 ξύν
1020 1204 1060 1247 τ’
1091 1203 1208 1248 ὀστέ’
1242 1203 1402 1257 αράξω.

312 1258 546 1330 κηδεμόνες
577 1260 623 1303 δέ
652 1262 694 1304 οἱ
722 1259 881 1304 ἐνθάδ’
911 1259 1082 1311 ἀολλέες
1112 1257 1216 1304 αὖθι
1249 1261 1482 1315 μενόντων,

202 1319 284 1360 675
315 1317 362 1359 οἴ
387 1315 434 1359 κέ
463 1333 539 1371 μιν
569 1317 834 1377 ἐξοίσουσιν,
865 1316 968 1374 ἐμης
995 1315 1083 1360 ὑπὸ
1117 1317 1236 1372 χερσὶ.
1266 1318 1495 1372 δαμέντα.“

196 1462 282 1502 660,
325 1462 406 1496 661.
462 1457 572 1504 μάλ’
615 1459 944 1506 ἀνασχομένω.
993 1464 1069 1507 ipse
1097 1463 1233 1497 habitus
1258 1462 1467 1497 anonnullis
1487 1462 1692 1519 Laugariae.
1722 1474 1796 1496 cer-

141 1507 242 1547 „scih
274 1505 339 1546 τοὶς
373 1509 515 1551 χεῖρας,
550 1509 622 1542 alte
657 1510 757 1542 elatis
787 1509 947 1550 brachiis,
992 1516 1026 1543 te
1043 1510 1220 1544 Strabofi.
1243 1521 1276 1554 p.
1295 1509 1397 1545 404.ι
1421 1508 1512 1552 μετοὶ
1532 1507 1572 1543 δὲ
1599 1509 1796 1551 Θουρίοις,
1832 1490 1847 1566 gf

145 1563 237 1586 more
261 1553 425 1597 pugilum.
474 1554 573 1597 Virg.
597 1557 636 1587 A.
661 1556 701 1596 5,
725 1556 825 1590 3633
858 1567 946 1588 nunc
991 1555 1124 1600 inquit,
1147 1557 1317 1599 Λαγαρία
1338 1553 1540 1600 φρούριον,
1565 1552 1714 1589 Ἐπειοῦ
1735 1556 1799 1589 καὶ

139 1599 169 1631 εἰ
192 1599 248 1632 cui
269 1600 378 1633 virtus
399 1600 600 1643 animusque
618 1601 655 1633 in
677 1606 813 1643 pectore
827 1612 947 1643 praes-
997 1601 1154 1636 Φωκέων
1177 1604 1320 1657 κτίσμα.
1368 1613 1442 1635 eum
1466 1604 1663 1656 aquatorem
1692 1601 1800 1634 fuisse

139 1655 217 1685 ens,
262 1646 361 1679 Adsit
395 1651 429 1679 et
459 1646 600 1680 evinctis
638 1646 775 1680 attollat
804 1646 946 1679 brachia
993 1658 1049 1692 ap.
1075 1648 1230 1682 Graecos
1260 1644 1492 1691 (ὑδροφόρει
1512 1649 1591 1686 τοῖς
1616 1643 1798 1691 Ἀχαιοῖς),

136 1691 299 1733 palmisf‘
325 1691 378 1724 Ex
402 1691 446 1724 H.
481 1692 525 1726 cf.
549 1693 637 1732 686,
662 1691 820 1737 Apollon.
832 1692 944 1725 Rhod.
992 1693 1100 1727 tradit
1122 1694 1238 1727 Schol.
1265 1693 1355 1727 Vict.
1384 1705 1459 1727 ann.
1485 1693 1528 1727 ad
1548 1692 1647 1734 654,
1669 1693 1798 1726 fortas-
1831 1683 1847 1716 Ψ

137 1737 179 1777 2,
204 1737 258 1771 68.
282 1755 328 1761 -
357 1735 597 1777 Ἀπόλλων,
622 1743 780 1782 tanquam
807 1748 945 1782 praeses
990 1750 1029 1773 se
1048 1738 1084 1772 in
1103 1750 1244 1783 poenam
1264 1739 1406 1784 perjurii
1426 1738 1572 1784 paterni.
1605 1750 1703 1783 quam
1725 1740 1799 1783 ejus

137 1783 324 1839 pugilatus.
372 1783 472 1817 Sch.·
511 1781 657 1838 Φόρβας
687 1784 946 1826 ἀνδρειότατος
992 1785 1217 1819 conditionem
1234 1785 1391 1819 servilem
1409 1785 1570 1819 miserata
1583 1784 1720 1818 Helena
1737 1785 1799 1818 ad-

136 1830 210 1863 ττόν
234 1826 318 1863 κατ’
344 1825 464 1864 αὐτοῦ
495 1830 692 1873 γενόμενος
719 1832 844 1885 πξγμῇ
873 1829 944 1865 ἐνί-
993 1830 1090 1864 duxit
1117 1831 1274 1873 Atridas,
1299 1838 1337 1865 ut
1361 1843 1402 1865 eo
1440 1842 1578 1864 munere
1611 1830 1796 1871 levaretur,

134 1887 192 1908 κα.
230 1874 292 1909 καὶ
315 1874 403 1916 τούς
419 1888 487 1931 μεν
508 1874 710 1931 παριόντας
718 1875 945 1932 ἀναγκάζων
991 1882 1133 1911 auctore
1150 1877 1347 1911 stesichoro
1367 1876 1540 1921 palinodia
1559 1876 1593 1910 in
1616 1877 1793 1910 Helenam.

137 1919 381 1963 ἀγωνίζεσθαι
403 1920 548 1968 α’νῄρει·
583 1919 657 1956 vno*
692 1920 732 1957 δὲ
763 1925 830 1967 τῆς
857 1925 943 1958 πολ·
990 1934 1024 1955 v.
1038 1950 1046 1964 ‚
1080 1933 1166 1966 quos
1197 1928 1337 1968 praeter
1358 1922 1576 1957 Scholiasten
1604 1921 1696 1956 illum
1721 1923 1792 1955 lau-

134 1968 200 2010 λῆς
233 1964 513 2012 ὑπερηφανείας
547 1967 717 2012 ἐβούλετο
754 1971 817 2004 καὶ
839 1968 944 2025 ’πρὸς
988 1968 1085 2002 davit
1108 1969 1166 2009 H,
1196 1970 1319 2003 Athen.
1350 1971 1404 2003 10.
1457 1966 1583 2010 .,456
1614 1968 1789 2013 Lycophr.

134 2025 223 2053 τους
243 2013 361 2053 θεοὺς
385 2013 427 2050 τὸ
455 2015 605 2049 τοιοῦτο
613 2013 807 2070 φρόνημα
836 2014 940 2060 ἔχειν.
987 2015 1077 2055 930,
1102 2014 1133 2046 Ε
1155 2013 1197 2048 ad
1223 2016 1322 2055 676„
1350 2019 1386 2048 et
1409 2014 1452 2048 de
1479 2013 1577 2059 Epeo
1609 2025 1682 2048 cum
1710 2025 1791 2048 nar·

136 2058 194 2094 διὸ
219 2057 402 2095 Ἀπόλλων
437 2059 755 2104 παραγενόμενος,
788 2062 849 2097 καὶ
879 2073 941 2096 συ·
987 2065 1065 2093 rata
1092 2060 1235 2094 inferius
1261 2061 1326 2094 hoc
1357 2061 1464 2102 libro,
1489 2064 1557 2093 tum
1586 2059 1664 2105 Ody
1659 2071 1713 2094 ss.
1739 2058 1794 2102 θ’,

135 2104 223 2145 στὰς
248 2101 405 2152 [αὖτῷ],
441 2106 652 2142 ἀπέκτεινεν
677 2105 802 2142 αὐτόν.
850 2105 942 2143 ὅθεν
988 2106 1075 2146 493,
1100 2104 1140 2145 λ’,
1162 2108 1261 2142 523.
1289 2105 1386 2150 Virg.
1409 2106 1450 2139 Α.
1473 2106 1518 2146 2,
1541 2106 1610 2140 264
1629 2110 1696 2139 etc.
1725 2106 1793 2139 suit

135 2150 174 2194 εξ
202 2150 344 2186 ἐκείνου
367 2154 432 2197 τῆς
446 2155 629 2207 πυκτικῆς
654 2152 789 2209 ἔφορος
822 2152 942 2197 ἐνομί-
988 2151 1076 2185 enim
1095 2151 1150 2185 hic
1169 2152 1226 2186 ille
1250 2152 1390 2197 Epeus,
1415 2150 1474 2196 qui
1491 2156 1578 2208 post
1590 2162 1710 2196 equum
1729 2154 1794 2185 du-

135 2200 210 2242 σθη
234 2194 253 2232 ὁ
278 2197 381 2238 θεός.
432 2194 455 2242 ἦ
480 2199 626 2242 ιστορία
649 2198 751 2243 παρὰ
770 2203 847 2240 τοῖς
868 2204 942 2235 Kv-
986 2202 1118 2231 rateum
1148 2198 1338 2232 fabricatus
1366 2201 1430 2231 est.
1466 2216 1509 2223 -
1553 2211 1576 2232 α
1592 2204 1714 2240 ψατο
1749 2195 1787 2232 δ’

133 2246 282 2284 κλικοῖς.
319 2252 621 2279 commemorantur
643 2247 762 2289 plures
785 2247 858 2290 ejus
879 2258 941 2281 no·
987 2241 1210 2288 ἡμιόνου.
1267 2242 1423 2277 similiter
1455 2243 1567 2277 Dares
1599 2254 1656 2289 ap.
1693 2243 1789 2289 Virg.

132 2290 246 2324 minis.
294 2290 349 2323 hic
380 2290 514 2334 quidem
548 2292 616 2324 fuit
645 2292 816 2336 Lapithae
840 2293 941 2334 filius,
987 2291 1028 2323 A.
1061 2290 1106 2331 5,
1130 2291 1209 2325 380.
1250 2289 1396 2331 alac-ris,
1431 2294 1631 2334 cunctosque
1661 2294 1790 2334 putans
1829 2272 1847 2332 11

134 2348 196 2369 rex
218 2335 465 2380 Phlegyarum,
490 2337 546 2381 qui
568 2337 636 2371 iter
664 2338 863 2382 Delphicum
886 2339 940 2372 in-
986 2336 1147 2369 excedere
1168 2336 1307 2379 palma,
1332 2354 1376 2360 —
1400 2335 1503 2370 laeva
1521 2340 1660 2370 taurum
1687 2347 1789 2370 cornu
1831 2332 1847 2352 ἐ

133 2383 308 2422 testabat,
333 2387 422 2415 teste
444 2382 571 2416 Ovidio
592 2384 675 2417 Met.
701 2386 756 2424 11,
779 2383 858 2419 413.
894 2385 939 2420 cf.
985 2386 1078 2416 tenet
1101 2388 1169 2415 etc.
1829 2376 1845 2408 Ρ·

133 2426 454 2471 Philosffatilmag
476 2430 510 2469 2,
528 2430 579 2463 19.
604 2435 641 2462 et
658 2429 792 2474 Heynei
809 2430 938 2484 Opusc.
1034 2451 1103 2485 670
1170 2449 1240 2486 574
1286 2463 1310 2494 η
1332 2446 1686 2493 -ἔπιδευομα,
1726 2461 1793 2484 ω.-
1826 2422 1847 2489 2⁵

132 2474 212 2555 {2¹7
229 2473 262 2508 5
297 2484 330 2519 Ρ·
354 2455 442 2508 2ῗὸιῖ
466 2493 512 2498 ““
551 2477 857 2520 καμμονίην·
899 2489 942 2521 κ’
988 2507 1056 2529 non
1079 2501 1165 2530 sans
1196 2501 1267 2536 est,
1302 2507 1358 2529 me
1388 2506 1461 2530 esee
1492 2497 1637 2531 mtlttem
1667 2501 1792 2531 instuc-
1824 2514 1847 2535 ιιι

178 2587 245 2622 665
265 2592 301 2621 et
317 2597 414 2632 sequ.
452 2586 639 2632 Panopeus,
664 2589 772 2624 Phoci
787 2590 848 2632 fil
865 2601 940 2624 cum
987 2598 1041 2621 me
1063 2588 1189 2622 ceteris
1224 2586 1432 2641 praestare?
1459 2587 1673 2628 „recitarunt
1703 2588 1791 2621 haec
1823 2596 1847 2629 ff]

131 2633 317 2666 interesset
341 2633 597 2677 Amphitruonis
617 2634 705 2668 beno
728 2641 847 2670 contra
867 2636 940 2670 Te-
986 2633 1076 2667 Plut.
1102 2634 1123 2667 l·
1147 2634 1190 2667 de
1215 2634 1315 2668 laude
1334 2633 1386 2668 sui
1406 2644 1446 2687 p.
1465 2633 1535 2668 543
1557 2633 1588 2667 F
1607 2638 1644 2668 et
1662 2631 1789 2668 Aristi-

132 2679 249 2712 leboas
271 2679 445 2724 (Apollod.
464 2680 508 2720 2,
530 2678 571 2718 4
595 2680 661 2723 7.),
687 2687 818 2726 partem
838 2693 938 2726 prae·
986 2679 1047 2713 des
1084 2678 1128 2713 de
1155 2679 1354 2714 inconcinne
1381 2678 1474 2713 dicto
1502 2684 1526 2712 t.
1554 2680 1588 2714 2.
1621 2677 1758 2724 p-ss74
1762 2681 1788 2699 ‘⁸

75 2750 78 2752 v
132 2726 198 2759 dae
218 2725 353 2758 furatus
371 2733 423 2758 est
440 2725 534 2759 laeso
548 2726 789 2770 jurejurando,
815 2739 880 2773 quo
899 2739 937 2762 se
985 2726 1040 2759 Ea·
1062 2724 1110 2759 Η.
1127 2744 1170 2750 -
1195 2723 1430 2782 δαήμονα.
1450 2724 1514 2769 (θ’,
1532 2724 1599 2760 411
1617 2725 1702 2782 etc.)
1725 2723 1787 2769 ἒμ-

131 2781 246 2804 omnes
278 2770 551 2811 obstrinxerant,
585 2783 657 2806 eam
693 2773 728 2805 in
763 2785 936 2808 commune
982 2783 1120 2815 πειρον.
1153 2790 1200 2797 --
1232 2767 1441 2814 ἀντικρύ.
1481 2750 1700 2814 διαμπερὲς,
1729 2770 1786 2805 vel

128 2817 314 2850 collatum
307 2816 359 2850 ιιί.
396 2817 503 2861 igitur
524 2828 666 2862 poenam
690 2824 843 2853 metuens
871 2830 933 2854 ex·
983 2817 1160 2873 Apollonio
1194 2817 1383 2872 interprete
1419 2816 1585 2872 διαμπαξ
1616 2817 1679 2853 καὶ
1702 2815 1786 2852 οἷον

130 2863 235 2896 cessit
259 2862 410 2896 Phocide
438 2867 472 2897 et
496 2875 535 2897 se
562 2863 707 2898 contulit
735 2863 770 2898 in
791 2865 935 2907 Italiam,
981 2862 1120 2898 διόλου.
1170 2875 1201 2896 v.
1258 2863 1381 2906 359,
1406 2859 1444 2906 ε’,
1469 2865 1515 2898 67
1532 2870 1600 2899 etc.
1617 2881 1663 2890 -·
1685 2863 1784 2897 sch.-

130 2907 188 2941 ubi
217 2908 419 2952 Laugariam
448 2919 509 2942 seu
539 2910 740 2953 Lagnhm,
765 2911 935 2946 Lucaniae
980 2908 1258 2954 κηδεμόνες.
1300 2908 1405 2965 (163.
1417 2909 1436 2952 )
1479 2907 1701 2953 ἐπιμεληταί.
1757 2906 1781 2953 ἢ
1825 2925 1847 2948 ιιι

130 2954 309 2998 oppidum,
335 2954 529 2988 condidisse
551 2956 676 2989 fertur.
724 2967 824 3001 quem
857 2960 936 3002 post
979 2956 1224 3011 προσήκοντες
1245 2952 1340 2990 κατὰ
1362 2953 1478 2999 γένος.
1526 2957 1588 2991 hos
1609 2955 1781 3001 κηδείους
1823 2963 1847 2997 (ιιι

129 3000 187 3033 illo
210 3005 350 3034 secutus
375 3008 427 3034 est
450 3001 539 3035 filius
566 3001 699 3046 Epeos,
724 3002 878 3036 conditor
898 3008 935 3036 et
980 3001 1069 3036 dixit
1091 3000 1134 3044 τ’,
1158 3001 1238 3039 294.
1270 3002 1314 3035 cf.
1338 3001 1418 3037 695.
