1847 3277
598 171 1174 215 EMENDANDA.
1628 175 1714 216 325

64 285 122 321 95.
156 296 225 320 scr.
248 285 394 328 τρομέει
416 281 456 318 δ’
478 281 567 318 ὕπο.
593 301 637 308 -
669 284 748 319 238.
777 283 842 317 lex.
867 282 977 317 Bekk.
1003 294 1038 326 p.
1062 281 1160 318 354.=
1193 284 1333 319 αἰδοῖ
1350 284 1512 326 εἴκων,
1533 282 1713 328 αἰδούμε-

65 344 141 372 νος.
166 332 206 364 Β.
240 351 286 356 -
318 331 398 365 298.
422 328 564 363 Homeri
585 329 788 362 brevitatem
810 328 989 374 praedicat
1014 329 1062 370 E,
1094 329 1228 373 prolixa
1252 341 1327 363 esse
1349 332 1423 364 visa
1445 330 1561 364 dicens
1585 330 1714 364 veteri-

67 379 133 412 bus
152 376 210 409 illa
230 376 466 421 Xenophontis
486 377 589 418 Ages.
611 376 656 414 2,
684 374 758 408 14.=
787 372 866 409 ἐπεί
891 386 930 418 γε
960 372 1035 417 μὴν
1057 374 1178 416 ἔληξεν
1202 373 1224 418 ἡ
1251 376 1367 419 μάχη,
1398 378 1521 420 παρῆν
1551 375 1596 421 δὴ
1623 374 1716 412 θεοὶ-

67 424 226 464 σασθαι,
254 421 350 457 ἔνθα
368 421 567 455 συνέπεσον
591 417 782 463 ἀλλήλοις,
807 420 876 462 τὴν
895 419 962 464 μὲν
980 420 1049 464 γῆν
1074 422 1202 464 αἵματι
1221 422 1478 465 πεφυρμένην,
1503 422 1656 466 νεκροῦς
1675 419 1716 457 δὲ

65 467 254 511 κειμένους
288 470 436 511 φιλίους
466 466 525 500 καὶ
558 467 755 507 πολεμίους
789 462 873 508 μετ’
906 463 1089 510 ἀλλήλων,
1121 464 1281 507 οἷσπίδας
1312 467 1353 501 δὲ
1386 468 1717 512 διατεθρυμμένας,

66 513 207 557 δόρατα
229 512 571 556 συντεθραυσμένα,
595 511 790 556 ἐγχειρίδια
813 511 935 556 γυμνοὶ
958 513 1120 547 κουλεαῖν
1144 511 1190 548 τοὶ
1215 512 1282 557 μὲν
1309 516 1442 557 χαμαὶ,
1465 513 1509 549 τοὶ
1535 515 1572 549 δ’
1593 517 1631 550 ἔν
1649 513 1719 549 σώ-

94 571 175 601 ασι,
199 558 246 594 τὰ
267 557 305 595 δ’
323 559 375 594 ἔτι
398 556 489 602 μετὰ
517 562 650 601 χεῖρας.
696 557 781 591 Ern.
806 559 895 591 hunc
918 557 1071 602 inprimis
1095 560 1205 593 locum
1240 561 1411 603 cogitasse
1435 567 1552 594 censet
1578 561 1718 601 Quinti-

78 607 188 640 ianum
216 608 278 647 10,
305 610 357 646 1.,
380 605 438 638 ubi
463 610 499 638 et
519 605 593 648 ipse
618 603 736 637 laudat
753 603 893 636 Homeri
913 605 1130 638 brevitatem.
1154 607 1253 639 ΕΜ.
1277 625 1323 630 ——
1355 607 1434 641 324.
1460 607 1526 639 lex.
1551 608 1660 642 Bekk.
1683 618 1719 652 p.

65 652 168 688 427.=
194 650 268 686 ἄπο
294 650 421 694 δόξης,
447 649 522 684 ἄπο
546 650 734 691 εἰκασμοῦ.
768 655 804 682 et
827 649 882 682 hic
905 649 973 693 τῆς
995 648 1069 685 ἀπο
1088 659 1189 685 tonus
1207 652 1243 684 in
1267 651 1422 696 plurimis
1445 651 1617 686 invenitur
1642 652 1720 687 edd.

66 698 110 732 B.
133 718 180 725 —
212 697 291 733 485.
317 697 499 742 Oppianus
523 696 678 731 Halieut.
697 696 739 736 3,
763 694 844 737 541,
869 695 912 729 de
932 697 1029 730 domo
1056 698 1153 742 pueri
1170 697 1264 739 orbi,
1288 709 1384 743 quem
1409 698 1555 742 quisque
1576 698 1719 743 spoliat:

66 744 194 788 κτῆσιν
216 739 274 778 ἀεὶ
305 741 484 785 κείροντες
518 739 744 786 ἀσημάντοιο
775 741 921 785 δόμοιο.
955 743 1058 776 ΕΜ.
1097 761 1142 768 -
1182 741 1263 778 498.
1295 755 1350 788 ap.
1382 743 1476 787 Virg.
1505 747 1543 778 A.
1573 747 1616 786 1,
1640 745 1720 780 472.

64 789 246 824 Diomedes
269 790 396 823 avertit
423 787 526 822 Rhesi
549 799 670 832 equoS.
705 788 760 821 Ex
780 788 908 822 eodem.
931 809 977 815 —

156 838 207 877 Λ,
234 837 347 870 1-2.
377 835 467 868 tollit
489 834 549 866 hos
573 845 694 868 versus
718 833 882 878 Knight.‚
908 834 998 879 quod
1023 835 1113 868 nulla
1131 839 1313 879 praeterea
1332 835 1528 881 reperiatur
1546 847 1600 880 ap.
1620 836 1720 869 Hom.

67 880 276 925 apotheosis.
313 892 380 926 qua
401 881 535 914 ratione
559 885 595 913 et
624 877 723 922 ἅπαξ
747 881 918 924 εἰρημένα
943 880 1054 914 omnia
1079 892 1319 926 expungemus.
1346 901 1389 905 —
1415 883 1470 917 63.
1494 880 1720 924 μάκαρος,

70 928 181 969 beati,
205 927 367 971 opulenti.
414 927 464 959 sic
489 924 542 967 ω’,
566 928 664 961 377.=
687 927 864 970 μακάρων
889 925 928 961 δ’
956 926 993 969 ἔξ
1017 927 1094 961 ε’σσι
1117 928 1280 969 τοκήων,
1306 933 1343 961 et
1362 927 1533 960 Hesiodus
1557 929 1601 962 Ο.
1621 933 1656 961 et
1676 928 1718 961 D.

68 972 148 1008 549.
182 972 360 1016 μακάρων
383 970 442 1007 ε’πὶ
467 970 601 1015 ἔργοις,
626 973 656 1005 h.
679 985 708 1006 e.
734 973 873 1017 Guyeto
896 973 1086 1017 interprete
1103 974 1259 1016 felicium
1286 975 1540 1018 agricolarum,
1564 974 1719 1007 divitum.

68 1019 190 1052 Horat.
217 1019 286 1052 Od.
312 1021 355 1061 2,
378 1019 419 1061 4,
446 1020 523 1052 13-ε
557 1020 689 1052 nescias
712 1031 758 1051 an
781 1025 816 1052 te
839 1031 1009 1064 generum
1031 1019 1126 1052 beati
1149 1020 1318 1063 Phyllidos
1334 1022 1456 1064 flavae
1480 1021 1637 1054 decorent
1655 1032 1721 1063 ρα-

68 1070 194 1098 rentes.
223 1066 253 1098 Ε
271 1065 320 1098 Μ.
354 1084 400 1090 —
428 1065 508 1099 256.
533 1064 599 1098 lex.
618 1065 726 1099 Bekk.
752 1076 784 1110 p.
807 1065 906 1101 392:
941 1063 1293 1110 ἀνεμοτρεφὲς,
1327 1065 1369 1100 vd
1393 1064 1433 1100 ἐν
1451 1064 1641 1110 εὐηνέμοις
1661 1063 1721 1100 τό-

68 1123 154 1149 ποις
175 1109 451 1154 τεθραμμένον·
476 1107 630 1145 εὔτονον
649 1109 718 1154 γὰρ
744 1112 865 1144 τοῦτο.
890 1111 930 1143 Β.
957 1130 1003 1136 -
1039 1111 1114 1147 144.
1139 1113 1236 1155 Virg.
1260 1114 1301 1146 A.
1327 1114 1391 1152 10,
1415 1112 1614 1147 707—715
1632 1124 1722 1146 com-

68 1161 170 1202 parat
193 1157 242 1190 Μ.
268 1176 312 1181 -
343 1158 422 1191 547.
449 1156 661 1200 Phrynichus
683 1160 884 1201 Apparatu:
906 1160 1037 1201 χωρεῖν
1061 1156 1120 1192 ἐπὶ
1141 1158 1282 1199 σκέλος,
1304 1158 1343 1192 τό
1367 1157 1482 1192 ὀπίσω
1509 1156 1722 1203 ἀναχωρεῖν,

68 1201 120 1247 μὴ
151 1200 267 1236 δόντα
302 1206 381 1242 τοῖς
418 1201 600 1241 ἐναντίοις
629 1201 675 1235 τά
708 1204 819 1237 νῶτα.
871 1199 961 1245 ”Ὀμ.
995 1201 1036 1238 δὲ
1067 1204 1158 1247 λέγει
1197 1201 1359 1247 ὀλίγον
1390 1202 1507 1248 γόνυ
1548 1203 1724 1249 γουνὸς

68 1245 296 1294 ἀμείβων.
324 1267 371 1274 -—
413 1249 493 1282 630.
523 1247 588 1281 J’ai
623 1247 700 1291 deja
722 1248 787 1282 fait
811 1249 973 1282 observer
997 1250 1100 1292 (ann.
1126 1249 1168 1283 ad
1195 1248 1237 1291 δ’,
1261 1251 1367 1293 438.)
1393 1262 1460 1295 que
1483 1250 1532 1284 les
1556 1251 1656 1284 heros
1681 1262 1723 1284 ne

68 1294 284 1338 mangeaient
308 1293 444 1339 que‘de
468 1293 500 1326 la
531 1293 654 1326 viande
679 1294 778 1329 rotie.
826 1295 1030 1339 Cependant
1055 1296 1208 1329 Athenee
1241 1296 1391 1339 (Deipn.
1418 1296 1522 1340 epit.‚
1546 1296 1604 1330 lib.
1632 1298 1662 1330 1.
1689 1309 1722 1342 p.

69 1342 133 1382 24,
159 1340 209 1381 Ε,
235 1340 294 1384 F.)
319 1339 464 1384 sappuie
491 1339 534 1372 de
559 1351 598 1372 ce
623 1351 770 1384 passage
794 1350 880 1384 pour
901 1341 1055 1374 soutenir
1079 1353 1145 1386 que
1169 1342 1299 1386 l'usage
1322 1343 1382 1374 des
1405 1341 1555 1386 legumes
1584 1354 1626 1376 ne
1650 1344 1724 1376 leur

72 1386 159 1421 etait
183 1397 245 1429 pas
270 1387 425 1420 inconnu.
473 1385 500 1418 ll
534 1386 610 1418 saut
633 1385 707 1418 dire
739 1386 759 1418 a
783 1386 855 1419 cela
888 1398 956 1430 que
979 1392 1035 1421 cet
1058 1388 1210 1432 exeinple
1232 1396 1285 1421 est
1309 1388 1435 1432 unique
1458 1388 1544 1421 dans
1568 1389 1617 1422 les
1642 1391 1724 1433 poe-

2 1451 3 1455 =
69 1443 140 1467 mes
164 1431 310 1473 d’Hum,
336 1436 371 1464 et
394 1430 597 1475 qu’ensuite‚
621 1431 646 1464 il
673 1431 867 1464 semblerait
895 1443 958 1476 par
981 1445 1020 1466 ce
1044 1444 1190 1477 passage
1214 1437 1332 1475 meme,
1357 1433 1462 1478 qu'ici
1485 1433 1620 1478 l’ognon
1640 1434 1726 1468 etait

69 1479 180 1513 moins
204 1478 296 1511 servi
319 1489 444 1511 comme
461 1477 654 1511 nourriture
678 1489 743 1522 que
769 1488 895 1511 comme
918 1489 962 1511 un
989 1480 1141 1512 excitant-
1158 1492 1244 1524 pour
1269 1481 1364 1514 boire
1387 1479 1593 1523 davantage.
1615 1480 1663 1513 Μ.
1680 1500 1726 1505 --

70 1525 150 1562 709.
185 1523 269 1557 duos
295 1524 403 1557 fuisse
426 1523 614 1564 muliones,
638 1534 704 1556 non
730 1527 931 1567 συμφυεῖς,
955 1525 1163 1558 ostendimus
1182 1537 1259 1560 ann.
1281 1526 1324 1559 ad
1348 1523 1401 1568 ψ’,
1427 1527 1505 1560 639.
1536 1526 1582 1560 cf.
1607 1527 1657 1560 M.

164 1571 226 1610 M,
249 1569 329 1604 343.
362 1568 587 1614 probabiliter
610 1569 658 1602 B:
681 1589 726 1594 —
749 1569 864 1604 θέων.
911 1571 1050 1604 Αἴαντα
1076 1578 1156 1611 etc„
1197 1572 1323 1615 junctis
1347 1572 1463 1605 verbis
1487 1570 1586 1616 ἔρχεο
1613 1571 1726 1614 θέων,

69 1621 111 1650 ut
127 1613 178 1660 ἷξε
200 1614 301 1651 θέων
332 1615 544 1658 Πάτροκλος
567 1612 608 1655 λ’,
632 1616 711 1649 807.
732 1621 767 1649 et
789 1616 1133 1660 Pseudo-Diogenes
1161 1617 1275 1662 Epist.
1295 1621 1345 1654 6.:
1379 1614 1443 1663 ἧκέ
1467 1631 1522 1659 τις
1545 1616 1657 1653 θέων.

164 1663 220 1703 Ν,
247 1663 325 1696 106.
360 1659 634 1696 ἐθέλεσκον.
681 1672 713 1693 v.
738 1673 815 1695 ann.
845 1662 890 1694 ad
919 1660 956 1704 ι’,
979 1663 1058 1697 551.

165 1708 216 1748 Ξ,
240 1708 321 1743 457.
352 1713 405 1741 est
429 1707 562 1752 quidem
592 1706 730 1748 „facilis
758 1707 941 1742 descensus
967 1708 1132 1742 Averni.“
1179 1708 1331 1749 Tamen,
1356 1714 1394 1742 ut
1420 1709 1455 1743 in
1480 1710 1555 1744 loco
1588 1710 1727 1752 declivi,

73 1759 188 1799 potest
208 1754 371 1798 prodesse
397 1753 615 1786 descendenti
637 1753 756 1797 scipio.
808 1754 886 1787 binc
919 1755 1047 1788 ferocis
1074 1754 1328 1799 Pulydamantis
1359 1755 1479 1792 ironia.
1528 1756 1627 1797 Quod
1648 1761 1728 1789 noto

71 1801 116 1833 ob
133 1800 353 1845 interpretum
372 1799 582 1844 quorundam
609 1798 900 1834 hallucinationes.
933 1800 973 1833 Β.
998 1819 1044 1826 -
1066 1801 1148 1836 472.
1180 1801 1330 1835 Theocr.
1357 1802 1414 1843 25,
1447 1803 1526 1837 28.=
1560 1799 1607 1837 οὔ
1631 1801 1670 1837 σε’
1692 1801 1730 1847 γέ

77 1859 174 1891 φημι
195 1848 319 1880 κακῶν
338 1844 378 1888 ἓξ
397 1843 586 1888 Ἐμμεναι.
609 1846 716 1878 Idem.

175 1893 226 1933 Ο,
247 1894 304 1927 23.
340 1892 515 1938 βηλοῦ,
540 1902 638 1935 quem
657 1891 803 1935 Trsgici
823 1891 943 1924 dicunt
965 1889 1089 1938 βαλόν.
1137 1904 1171 1926 V.
1196 1904 1273 1928 ann.
1295 1893 1336 1927 ad
1355 1893 1511 1936 Aeschyl.
1540 1893 1627 1926 Cho.
1650 1893 1730 1930 534.

77 1939 211 1972 notavit
236 1943 270 1971 et
299 1938 340 1971 B.
367 1956 410 1964 —
435 1940 492 1974 31.
516 1937 605 1970 haud
634 1937 719 1970 male
753 1937 793 1977 B,
817 1938 998 1972 secundum
1030 1939 1160 1982 aliquot
1186 1938 1308 1972 libros:
1343 1938 1541 1982 ἄπολήξῃς.
1573 1958 1617 1964 -
1654 1942 1731 1976 105.

76 1983 128 2018 ita
149 1985 207 2019 W.
240 1983 366 2027 vulgo:
389 2003 434 2009 —
460 1979 796 2026 ἄφρονέοντες,’“Η
817 1981 879 2017 ἔτι.
928 1985 973 2017 Β;
1000 2002 1045 2009 -
1070 1984 1261 2028 αφ-τες,
1285 1983 1346 2020 ’Hs'
1370 1999 1404 2020 τι
1427 1985 1611 2019 secundum
1630 1985 1726 2019 Harl.

102 2030 199 2064 lacet.
228 2048 265 2053 —
292 2031 371 2065 236.
396 2029 463 2064 lex.
490 2030 597 2064 Bekk.
626 2041 658 2072 p.
682 2028 785 2065 402..·
810 2027 1192 2074 ἀνηκούστησεν,
1218 2029 1285 2066 οὐκ
1311 2030 1476 2075 ἤκουσεν.
1510 2032 1550 2064 Β.
1576 2051 1620 2056 -
1651 2033 1730 2066 292.

75 2041 252 2110 Eoomalit
273 2076 321 2109 B:
351 2095 391 2100 —-
416 2075 549 2111 ἔλυσεν.
587 2071 655 2115 “.Ω.ς
679 2076 739 2110 καὶ
765 2081 831 2109 etc.
854 2095 896 2100 —
922 2077 1001 2111 347.
1027 2077 1079 2117 ,,ΙΙ
1102 2084 1156 2110 est
1179 2076 1197 2110 a
1219 2081 1441 2123 remarquer“
1467 2082 1532 2110 etc.
1580 2077 1730 2112 subscri-

78 2122 227 2156 bendum
254 2122 347 2155 hisce
364 2133 482 2156 nomen
505 2121 699 2156 Montbelii.
724 2141 769 2147 —
792 2123 871 2157 394.
892 2122 956 2156 lex.
980 2123 1088 2158 Bekk.
1113 2135 1146 2168 p.
1164 2124 1264 2158 364:
1297 2123 1540 2168 οἰκήματα,
1580 2122 1728 2168 ἰήματα.

77 2167 120 2201 Β.
145 2185 188 2192 -
212 2168 292 2203 352.
318 2179 350 2201 V.
377 2179 454 2204 ann.
484 2168 526 2202 ad
558 2165 612 2211 ψ’,
644 2168 726 2203 500.
752 2187 796 2193 —
820 2169 900 2203 358.
930 2180 996 2202 scr.
1027 2169 1107 2210 ἔπι,
1139 2174 1177 2203 ut
1199 2168 1249 2212 φ’,
1273 2173 1352 2206 251.
1378 2191 1420 2196 -
1455 2171 1533 2205 451.
1560 2176 1731 2214 quaerunt

78 2213 206 2247 acriter
223 2213 386 2258 interpp,
410 2213 465 2259 qui
487 2214 641 2259 potuerit
659 2213 769 2247 Clitus
794 2214 915 2247 vulnus
933 2214 968 2247 in
993 2215 1149 2256 cervice,
1185 2215 1287 2261 idque
1312 2221 1425 2257 retro,
1461 2216 1620 2249 sumere?
1651 2216 1731 2250 Nou

78 2259 244 2292 tendebat
259 2258 369 2292 Clitus
387 2265 484 2294 recta
504 2260 546 2293 ad
571 2271 697 2300 naves,
722 2260 783 2293 sed
804 2260 939 2305 oblique
967 2260 1009 2294 ad
1033 2262 1141 2294 locum
1166 2273 1232 2306 quo
1256 2274 1367 2307 pugna
1398 2266 1474 2296 erat
1500 2261 1730 2302 validissima3

79 2304 211 2338 idcirco
238 2316 304 2338 non
328 2305 438 2349 potuit
462 2317 503 2340 ex
527 2306 674 2339 adverso
694 2305 878 2339 vulnerari.
926 2307 974 2340 Et
1001 2313 1172 2352 quaerunt
1200 2320 1266 2352 quo
1297 2309 1395 2342 modo
1419 2306 1653 2353 χαριζόμενος
1679 2308 1732 2341 di-

81 2356 158 2384 ctus
189 2350 254 2384 sit..
293 2349 438 2384 Poterat
461 2351 581 2395 auriga
607 2351 852 2395 Polydamanta
879 2363 996 2386 currus
1028 2364 1262 2395 ascensorem,
1296 2354 1374 2387 dum
1402 2354 1553 2395 rediret,
1591 2353 1732 2388 seorsim

79 2402 312 2476 fiffi‘tffi
332 2396 727 2476 ‘iffsrilaessdsse‘imiss
739 2397 1071 2478 bssissd·¹3⁶‘{‘t‘³¹stdi·
1093 2400 1234 2479 ὛὟἚ
1255 2400 1390 2440 ⁵⁰¹⁶³⁰⁹
1409 2411 1562 2477 v⁶¹¹¹⁰¹5¹¹÷
1576 2399 1732 2477 ⁵3¹3...-

82 2487 133 2521 ita
154 2453 255 2532 lon{e
272 2467 390 2532 va‚gari
411 2454 529 2531 jub'etl.)
555 2489 596 2523 B.
615 2505 659 2513 —
683 2456 854 2524 55'2.escr¹.
878 2456 1122 2524 ’gvimmS-mi'.
1147 2458 1223 2526 acilii.
1241 2457 1470 2535 ngaalpaugn
1489 2456 1633 2525 a—rtigssl.
1655 2457 1733 2525 52:¹¹:

83 2534 204 2568 nacule
228 2534 342 2566 verbis
361 2534 498 2575 nourri,
525 2534 600 2567 bien
620 2535 754 2573 marri,
779 2535 902 2568 utimur
919 2541 956 2568 ut
981 2547 1091 2570 rerum
1107 2538 1370 2582 magnitudinem
1391 2537 1631 2581 significemus,
1656 2548 1733 2571 ora-

84 2579 179 2614 tione
199 2579 336 2619 humili3
362 2579 450 2623 quod
474 2591 600 2624 graeco
627 2578 798 2621 τροφόεις
826 2585 906 2625 apte
927 2581 1095 2615 convenit.
1131 2583 1170 2616 B.
1196 2602 1241 2608 —
1276 2585 1355 2618 696.
1382 2595 1456 2616 ann.
1478 2593 1566 2615 scr.:
1599 2579 1649 2625 μή
1676 2595 1733 2618 κε·-

84 2637 169 2660 κοπ.
217 2626 295 2660 727.
318 2622 417 2659 Ἀλλὰ
441 2623 616 2668 ἔμιμνον,
659 2625 820 2658 clamavit
848 2639 867 2658 e
888 2627 1015 2661 tumulo
1045 2639 1129 2661 voce
1156 2629 1226 2662 alta
1263 2635 1298 2662 et
1329 2628 1484 2662 horribili
1518 2629 1615 2661 heros
1645 2628 1731 2673 ipse,

83 2682 183 2716 quum
209 2670 419 2715 petulantior
441 2671 577 2716 quidam
599 2676 716 2716 pastor
736 2671 906 2714 Trojanus
933 2672 1038 2716 ipsius
1063 2674 1212 2708 umbram
1236 2675 1415 2709 Homerico
1448 2673 1658 2707 hemistichia
1683 2675 1734 2709 la-

86 2720 257 2795 cesserfit‚
290 2718 380 2757 Αἴας
411 2715 452 2751 δ’
476 2714 598 2753 οὐκέτ’
623 2715 762 2760 ἔμιμνε.
815 2717 898 2751 Rem
931 2723 1049 2751 narrat
1079 2719 1305 2753 Philostratus
1331 2720 1414 2754 Her.
1439 2731 1472 2764 p.
1503 2718 1560 2760 64,
1596 2720 1653 2753 ubi
1686 2721 1732 2755 cf.

83 2766 174 2796 nota.
228 2786 235 2794 .

180 2809 235 2848 Π,
258 2807 314 2842 44.
338 2808 405 2842 lex.
432 2809 542 2843 Bekk.
571 2820 604 2853 p.
631 2808 727 2843 365..
765 2804 985 2851 ἀκμῆτες,
1016 2808 1067 2853 μή
1101 2807 1310 2850 κάμνοντες.
1347 2828 1389 2834 -
1425 2808 1501 2845 134.
1523 2809 1731 2846 Scholiastes

87 2852 308 2897 'rownlejani
337 2853 441 2898 libri,
464 2866 519 2900 ap.
538 2853 729 2888 Dobraeum
755 2854 842 2887 Add.
870 2854 915 2887 ad
945 2854 1035 2890 Plut.
1057 2866 1091 2900 p.
1124 2856 1207 2896 135,
1233 2855 1318 2899 legit
1346 2857 1438 2890 Ποικ
1455 2880 1465 2895 ,
1491 2853 1582 2897 οἶστ.,
1606 2857 1731 2891 κακῶν

87 2897 221 2944 βελέων
237 2896 417 2942 ἄλεωρήνι
440 2901 531 2945 quod
552 2912 593 2934 ex
616 2899 740 2943 Vespis
761 2899 848 2939 615,
885 2899 985 2935 Τάδε
1007 2899 1202 2944 κέκτημαι,
1232 2900 1424 2945 πρόβλημα
1447 2903 1569 2935 κακῶν
1596 2902 1730 2948 σκευήν

88 2944 225 2987 βελέων
252 2942 434 2990 ἀλεωρὴν,
478 2946 637 2980 firmabat
666 2945 848 2978 Porsonus.
877 2945 916 2980 Β.
962 2946 1214 2991 διττογραφία.
1242 2966 1283 2972 -
1321 2949 1396 2982 1⁴9.
1421 2958 1486 2982 scr.
1516 2949 1661 2983 Βαλίαν.
1683 2968 1730 2975 ·-·

89 2991 169 3025 718.
195 2990 260 3024 lex.
289 2990 398 3028 Bekk.
427 3002 461 3037 p.
492 2990 590 3027 nmo:
630 2986 901 3035 ἀπερείσια,
935 2987 1068 3036 ἄπειρα
1091 2994 1142 3038 τῷ
1164 2991 1310 3037 πλήθει.
1334 2994 1439 3027 Idem.
1462 3012 1507 3019 —
1531 2995 1610 3030 379.
1635 2995 1727 3029 Idem
