1847 3277
8 1817 9 1822 ’
50 1812 156 1844 Anth.
179 1811 275 1852 Pal„

169 279 186 297 *

106 844 189 884 270

46 1487 229 1528 inusitata,
263 1499 339 1521 cum
362 1487 509 1521 vicinum
542 1487 587 1522 sit
610 1489 751 1522 verbum
774 1487 857 1521 illud

12 1575 13 1580 1
49 1536 99 1576 (v.
125 1534 282 1577 Aeschyl.
303 1536 366 1577 Ag.
390 1536 454 1574 82,
479 1534 565 1568 Cho.
590 1537 655 1569 109
676 1536 773 1578 ete),
797 1536 856 1568 sed

12 1591 13 1596 ¹
48 1586 162 1613 tamen
183 1579 268 1613 dure
288 1581 412 1614 omissa
430 1593 516 1614 voce
535 1581 746 1623 gravissima.
771 1592 856 1625 qua-

10 1666 11 1670 *
51 1637 90 1659 re
127 1637 249 1660 vereor
287 1638 330 1659 ne
367 1627 584 1660 scribendum
625 1628 672 1660 sit
702 1625 752 1670 μὴ
789 1626 856 1669 μὲν

10 1684 11 1688 ’
50 1670 120 1706 ἔσω
144 1690 190 1697 -·
211 1673 452 1716 κεχρημένον,
486 1671 595 1712 ἔσω,
629 1679 667 1706 ut
702 1685 776 1707 mox
804 1671 857 1707 ἐνὶ

49 1720 227 1763 κλισίῃσιν
252 1719 390 1765 ἐμῇσιν.
426 1732 458 1752 v.
485 1720 610 1763 Odyss.
636 1717 687 1763 η’,
709 1722 756 1755 50
777 1727 856 1761 etc„

49 1769 86 1798 et
117 1765 161 1799 de
193 1778 215 1808 γ
248 1771 284 1799 et
316 1777 337 1801 σ
370 1765 497 1799 litteris
531 1765 682 1799 confusis
719 1767 858 1800 Jacobs.

309 1824 371 1846 nos
402 1812 557 1869 31111.ἓά
583 1812 707 1856 Eurip.
733 1812 858 1869 Suppl.

50 1857 130 1892 810.
150 1857 286 1891 concise
306 1859 396 1892 dixit
417 1857 485 1892 ἔσω
504 1856 685 1892 §neverum
706 1870 765 1903 pro
787 1858 857 1893 ἔσω

49 1900 257 1947 ἐρχόμενον.
278 1923 321 1930 -
365 1901 458 1939 οὔτ’
482 1902 622 1947 εὐνῆς
646 1911 710 1938 etc.
748 1904 798 1939 ita
821 1916 860 1938 se

50 1949 176 1983 fecisse
199 1950 304 1992 dicit,
332 1962 392 1985 seu
416 1956 506 1985 metu
528 1950 690 1990 Achillis,
715 1963 774 1984 seu
797 1963 860 1996 Ρο-

52 1995 122 2029 tius
152 2008 216 2041 spe
239 1997 548 2038 reconciliationi83
582 2008 648 2030 non
672 1997 756 2031 illud
782 1997 859 2042 qui-

51 2041 125 2076 dem
151 2043 339 2123 adjurem&
385 2045 446 2077 sed
476 2044 721 2087 interpretatus
753 2044 860 2077 verba

49 2087 160 2133 χεῖρ’
192 2090 256 2125 ἐπ.
315 2091 396 2132 juro
429 2101 482 2123 mc
515 2091 567 2123 itti
599 2101 739 2122 manum
765 2091 861 2123 haud

49 2115 279 2179 imposuisse,
309 2136 441 2182 quippe
478 2149 539 2170 nec
570 2138 766 2170 concubitus
799 2148 860 2169 nec

52 2185 142 2215 alius
168 2186 219 2216 rei
244 2195 348 2216 causa
374 2183 463 2226 (scil.
491 2183 532 2216 ad
553 2193 640 2227 opus
660 2194 748 2216 serv
757 2183 787 2215 le
805 2184 860 2215 fa-

51 2229 234 2273 ciendum)
277 2241 357 2263 usus
388 2230 463 2262 illa.
515 2228 643 2284 alioqui
680 2229 860 2262 dicendum

53 2275 179 2308 fuisset
197 2274 279 2319 μητ’
301 2274 411 2318 εὐνῆς
429 2282 494 2309 etc.
509 2295 554 2300 —-
573 2273 731 2330 εὐνῆς
754 2274 861 2317 πρό-

53 2332 224 2364 φασιν,
249 2321 306 2356 ἐπὶ
330 2321 516 2364 προφάσει
540 2318 670 2365 εὐνῆς,
702 2322 860 2355 concubi-

55 2374 128 2402 tum
147 2374 320 2401 causatus.
344 2371 390 2402 cf.
407 2369 483 2402 302.
502 2388 544 2392 -
569 2368 861 2424 κεχρημένος

53 2411 170 2459 αὐτῇ,
197 2414 367 2458 Βρισηΐδι
389 2412 518 2459 κούρῃ.
536 2433 582 2438 —-
612 2418 698 2458 ΑΡ..
724 2412 861 2458 ἀπρο-

52 2461 295 2503 τίμαστος.
316 2459 519 2502 ἄψαυστος,
536 2457 702 2501 ἄθικτος.
730 2461 769 2496 τό
792 2461 861 2505 γάρ

0 2542 1 2546 ,
52 2509 249 2549 μάσασθαι
281 2508 372 2550 (imo
407 2507 600 2549 μάσασθαι
634 2509 686 2541 vel
719 2507 860 2550 μασσα-

54 2555 166 2588 efflat:
191 2565 224 2586 v.
243 2554 277 2587 H
300 2559 335 2587 ct
351 2554 454 2587 Schn.
484 2565 516 2586 v.
533 2552 693 2597 μάσσω)
718 2554 776 2589 ε’πι
792 2555 861 2589 τοῦ

54 2596 240 2642 ἅψασθαι.
266 2619 308 2624 -
351 2600 454 2633 Sch:
489 2597 622 2637 ὅστις
654 2600 757 2643 (sic)
791 2599 860 2654 σφ’

56 2645 278 2690 ἀλίτηται
301 2646 354 2701 (ν.
373 2658 450 2680 ann.
470 2644 580 2686 adst,
595 2647 694 2690 360.)
727 2646 859 2690 ὀμόσ-

58 2703 153 2749 qus.
186 2705 286 2732 οστις
317 2689 462 2737 ἁμάρτῃ
495 2691 726 2734 ἐπιορκήσας.
759 2691 860 2737 .,’σφ

59 2737 145 2779 α’λ.,
185 2745 224 2773 ut
257 2737 475 2780 ἀθανάτους
507 2736 701 2774 ἀλιτέσθαι
734 2741 861 2782 Odyss.

56 2783 111 2826 δ,
131 2785 216 2827 378,
239 2784 436 2841 Ἀθηναίην
461 2784 630 2820 ἀλίτοντο
653 2786 698 2819 ib.
725 2784 763 2825 ε’,
785 2788 861 2821 108.

56 2836 92 2864 et
122 2830 172 2873 μή
209 2830 299 2870 Διὸς
333 2831 513 2888 ἀλίτωμαι
544 2831 705 2874 ἐφετμάς
737 2832 862 2866 ibidem

57 2875 95 2910 ω’
106 2878 219 2915 ‚57o.
266 2878 380 2913 schol.
405 2881 453 2913 B:
492 2875 532 2918 ὃς
555 2879 696 2922 ὀμόσας
719 2879 771 2917 εἰς
795 2878 864 2914 αό-

57 2921 144 2962 τούς
163 2921 388 2967 ἁμαρτήσει.ι
392 2927 469 2959 ‘Ex
481 2926 526 2958 H.
544 2925 723 2960 annotavit
736 2925 862 2958 Buttm-

61 2969 166 3002 Lexil.
186 2969 210 3002 1.
237 2981 269 3015 p.
294 2971 349 3004 59.
381 2971 464 3005 alias
484 2983 539 3017 ap.
562 2973 661 3005 Hom.
684 2983 752 3015 σφε
778 2972 863 3005 ‹lua-

60 3015 122 3049 lem
141 3027 228 3056 esse,
253 3027 315 3050 nec
339 3016 403 3050 nisi
427 3019 458 3051 Ι1.
478 3018 499 3052 Ι.
526 3019 707 3052 transferri
731 3018 766 3052 in
787 3018 863 3063 plu-

608 165 1041 207 ΙΛΙΑΔΟΣ
1099 168 1146 206 Τ.

1629 171 1713 209 107

217 272 312 318 οὔτ’
346 275 475 329 εὐνῆς
503 274 729 328 πρόφασιν
757 275 1039 330 κεχρημένος,
1071 272 1172 317 οὔτε
1201 290 1276 317 τευ
1306 273 1464 331 ἄλλου,

218 329 312 375 ἀλλ’
346 331 454 386 ἔμεν’
482 330 805 384 ἀπροτίμαστος
834 332 896 374 ἐνὶ
926 333 1143 400 κλισίῃσιν
1174 329 1343 386 ἐμῇσιν.

35 421 38 444 ‚
216 390 253 431 εἰ
283 389 330 432 δέ
356 407 396 432 τι
427 387 561 431 τῶνδ’
592 388 823 442 ἐπίορκον,
855 388 949 443 ἐμοὶ
977 389 1074 431 θεοὶ
1107 385 1238 456 ἄλγεα
1270 390 1390 431 δοῖεν

36 446 37 462 ²
102 448 185 490 265
214 445 354 489 πολλοὶ
384 442 515 513 μάλ’,
543 444 652 487 ὅσσα
681 447 900 495 διδοῦσιν,
931 444 1024 495 ὅτις
1053 443 1125 496 σφ’
1155 442 1351 498 ἀλίτηται
1384 443 1589 499 ὀμόσσας.
1601 450 1628 469 “

287 497 359 551 Ἡ,
389 502 461 544 καὶ
491 500 578 545 ἀπὸ
609 499 827 556 στόμαχον
857 501 1034 554 κάπρου
1063 500 1167 555 τάμε
1195 503 1320 556 νηλέϊ
1347 506 1515 558 χαλκῷ·

220 557 299 601 τὸν
328 574 407 613 μεν
441 556 700 627 Ταλθύβιος
723 561 878 614 πολιῆς
909 556 1014 609 ἁλὸς
1045 559 1087 608 ἐς
1118 556 1226 629 μέγα
1256 561 1414 612 λαῖτμα

221 612 309 668 ῥίψ’
340 613 617 669 ἐπιδινήσας,
647 614 776 670 βόσιν
805 615 991 670 ἰχθύσιν.
1044 612 1185 666 αὐταρ
1207 600 1419 669 Ἀχιλλευς

218 670 377 722 ἀνστὰς
403 670 634 727 Ἀργείοισι
664 673 1024 727 φιλοπτολέμοισι
1051 670 1269 728 μετηύδα·

473 751 476 752 ⁷
530 761 635 797 solvit
662 762 809 796 Achilles
833 762 1044 798 concionem.

304 844 430 892 ,,Ζεῦ
460 839 621 894 πάτερ,
655 858 678 895 η
709 839 896 912 μεγάλας
925 838 1030 891 α’τας
1060 839 1265 893 άνδρεσσι
1295 840 1529 883 δίδοισθαί

218 895 302 939 οὐκ
336 896 391 939 ἄν
423 897 582 953 δήποτε
611 897 760 951 θυμὸν
790 897 854 939 ἐνὶ
884 897 1118 953 στήθεσσιν
1147 897 1313 950 ἐμοῖσιν

217 952 432 1011 Ἀτρείδης
463 954 593 1007 ω’ρινε
624 954 874 1024 διαμπερὲς,
907 954 1009 997 οὐδέ
1043 970 1090 996 κε
1119 953 1289 1008 κούρην

218 1026 342 1081 ηγεν,
374 1010 476 1064 ἐμεῦ
504 1010 737 1062 άὲκοντος,
769 1009 1008 1080 ἀμήχανος,
1046 1009 1152 1053 ἄλλά
1183 1016 1294 1053 ποθι
1328 1011 1439 1061 Ζευς

218 1066 344 1122 ἤθελ’
367 1066 603 1137 Ἀχαιοῖσιν
631 1068 832 1109 θάνατον
861 1066 1059 1110 πολέεσσι
1088 1066 1304 1120 γενέσθαι.

105 1126 187 1168 275
217 1127 302 1165 νῦν
336 1121 380 1166 δ’
404 1122 583 1192 ἔρχεσθ’
617 1123 685 1165 ἐπὶ
716 1126 916 1175 δεῖπνον,
948 1125 1022 1165 ἵνα
1032 1123 1307 1192 ξυνάγωμεν
1338 1121 1517 1177 timia-'⁴‘

283 1179 367 1230 Ὡς
397 1178 468 1234 ἄρ’
501 1179 748 1235 ἐφώνησεν,
779 1184 911 1223 λῦσεν
943 1177 982 1250 δ’
1016 1178 1182 1234 ἀγορὴν
1212 1179 1418 1237 αἰψηρήν.

218 1237 262 1278 οῖ
290 1237 370 1291 μὲν
400 1236 473 1290 ἄρ’
504 1237 762 1280 ἐσκίδναντο
794 1236 868 1292 ἑὴν
898 1236 965 1279 ἐπὶ
995 1241 1081 1292 νῆα
1112 1237 1318 1287 ἕκαστος·

218 1295 341 1346 δῶρα
372 1293 417 1336 δε
449 1293 733 1348 Μυρμιδόνες
763 1294 1051 1347 μεγαλήτορες
1086 1292 1284 1348 άμφεπέι
1289 1310 1419 1345 οντο,

219 1349 307 1407 βάν
337 1349 379 1393 δ’
411 1350 481 1394 ἐπι
509 1355 595 1407 νῆα
624 1350 833 1407 φέροντες
858 1349 1073 1408 Ἀχιλληος
1103 1352 1261 1394 θείοιο.

902 1487 1029 1530 ralern,
1063 1500 1157 1521 more
1180 1488 1411 1522 recentiorum
1437 1487 1637 1531 Epicorum.
1684 1498 1718 1520 v.

902 1532 954 1574 λ’,
978 1536 1066 1575 111,
1095 1536 1180 1577 115,
1209 1536 1338 1580 odyss,
1364 1533 1416 1575 θ’,
1441 1536 1533 1575 271,
1561 1532 1613 1578 φ’,
1638 1534 1719 1575 192,

901 1582 1004 1620 206,
1031 1581 1157 1614 collato
1183 1582 1280 1614 Scut.
1307 1581 1411 1615 Herc.
1436 1582 1494 1615 62.

948 1628 1027 1660 266.
1053 1625 1104 1670 γ’,
1128 1629 1208 1662 292.

948 1674 1039 1713 267,
1064 1675 1097 1707 8.
1129 1684 1195 1706 11011
1218 1672 1270 1706 ita
1293 1672 1334 1705 fit
1358 1672 1445 1705 libro
1470 1674 1514 1712 3,
1537 1672 1631 1712 292„
1655 1670 1721 1704 sed

898 1718 1076 1762 jugulatos
1097 1731 1203 1763 agnos
1215 1719 1304 1751 humi
1320 1719 1462 1761 deponit
1476 1721 1720 1762 Agamemnon,

903 1765 1129 1809 Priamusque
1153 1766 1287 1799 domum
1320 1766 1434 1798 aufert
1459 1766 1495 1798 in
1520 1775 1633 1798 curru.
1675 1775 1720 1797 ex

904 1822 972 1855 quo
996 1811 1191 1855 intelligas,
1225 1822 1291 1844 non
1321 1822 1462 1855 prorsus
1490 1810 1642 1855 ejusdem
1666 1817 1722 1843 at-

905 1868 973 1901 que
1006 1857 1089 1890 illud
1120 1857 1258 1901 generis
1292 1869 1370 1890 esse
1404 1859 1468 1890 hoc
1498 1856 1722 1898 sacrificium,

906 1903 967 1936 sed
990 1903 1244 1944 lustrationem,
1277 1915 1344 1948 qua
1369 1903 1451 1936 deos
1477 1903 1588 1936 adhuc
1613 1902 1721 1936 iratos

907 1949 973 1982 sibi
994 1956 1136 1994 propter
1161 1950 1308 1983 admissa
1336 1949 1455 1993 placat
1479 1953 1722 1994 Agamemnon,

906 1995 1084 2038 abjectis*
1074 2007 1108 2028 111
1128 2007 1220 2029 mare
1245 1997 1464 2039 καθάρμασι
1482 2007 1543 2028 seu
1564 1994 1723 2039 piaculis.

905 2053 938 2076 v.
964 2053 1042 2075 ann.
1076 2042 1120 2075 ad
1145 2041 1199 2083 α’,
1223 2041 1307 2099 314.
1326 2060 1371 2066 -
1411 2044 1498 2086 Ap..
1530 2045 1722 2084 λαῖτμα.

908 2084 928 2122 ὃ
952 2086 1020 2131 μὲν
1040 2086 1174 2122 Ἀπίων
1193 2087 1234 2124 τό
1259 2086 1408 2132 όρμημα
1432 2090 1497 2132 τῆς
1514 2086 1723 2145 θαλάσσης,

906 2134 1001 2168 κατα
1020 2137 1174 2179 μίμησιν
1190 2138 1260 2169 τοῦ
1273 2135 1419 2179 ψόφου.
1446 2135 1539 2169 ἔνιοι
1558 2133 1598 2168 δὲ
1615 2147 1722 2178 παρα

907 2179 950 2216 τὸ
967 2185 1039 2225 ΛΑ
1063 2181 1084 2217 ὅ
1106 2181 1204 2217 εστιν
1224 2180 1282 2216 ἐπὶ
1299 2184 1369 2217 τοῦ
1385 2181 1558 2226 μεγάλου.
1587 2181 1724 2215 videtur

907 2240 983 2261 esse
1004 2228 1134 2270 κύτος,
1154 2240 1297 2272 vorago.
1335 2241 1368 2262 v.
1387 2229 1419 2261 H
1437 2235 1472 2262 et
1487 2230 1592 2263 Schn.
1609 2229 1642 2261 h.
1664 2240 1700 2261 v.

954 2277 1165 2311 270-273
1208 2276 1442 2310 δίδοισθα
1478 2275 1638 2314 Aeolice,
1686 2279 1725 2308 ut

906 2323 1087 2365 τίθησθα.
1125 2323 1153 2356 Ε
1176 2322 1293 2355 801101.
1317 2323 1358 2356 Β.
1379 2340 1425 2346 -
1451 2317 1723 2364 διαμπερες,

904 2380 1060 2413 prorsus,
1086 2369 1232 2414 penitus·
1266 2367 1311 2409 ε’,
1339 2370 1405 2403 112
1426 2374 1492 2401 etc.
1519 2387 1565 2392 —
1609 2380 1668 2411 αμ
1681 2380 1724 2410 η-

907 2428 1068 2459 χανος,
1099 2416 1347 2458 intractabilis,
1373 2415 1542 2460 impotens
1565 2415 1631 2448 sui.
1674 2414 1722 2449 cf.

907 2461 958 2503 ν’,
984 2464 1072 2502 726,
1102 2461 1132 2496 ο’
1147 2461 1410 2503 ,14,π,29.

950 2509 1030 2543 275.
1058 2506 1092 2542 α’
1107 2534 1117 2548 ,
1142 2508 1221 2543 381.

951 2554 1284 2590 276-281.8ε11..·
1299 2551 1475 2597 ἀγορήν
1495 2549 1722 2596 αἰψηρήν.

905 2600 976 2645 τὴν
999 2599 1136 2644 ταχέως
1158 2599 1442 2642 οὶθροισθεῖσαν.
1474 2600 1581 2634 λῦσεν
1603 2612 1626 2632 α
1630 2599 1722 2642 ἰψη-

906 2649 980 2689 ρῶς
1012 2647 1308 2687 interpretabatur
1347 2646 1591 2687 Aristarchus,
1631 2651 1723 2679 teste

902 2696 975 2751 ΑΡ.
1009 2694 1042 2727 in
1077 2693 1174 2738 αἶψα
1199 2700 1235 2727 et
1265 2694 1414 2737 ταχεία,
1455 2697 1492 2725 ut
1521 2688 1626 2747 βάσκ’
1650 2691 1721 2733 ἴθί,

902 2735 967 2783 Ἰρι
1001 2745 1146 2785 ταχεῖα,
1183 2738 1243 2780 θ’,
1267 2741 1358 2781 399,
1393 2749 1455 2794 pro
1489 2737 1650 2781 ταχέως,
1687 2744 1724 2772 et

907 2786 990 2830 ἐμοι
1022 2787 1131 2831 χάνοι
1166 2785 1293 2828 εὐρεῖα
1327 2784 1434 2842 χθών
1465 2782 1521 2825 δ’,
1546 2786 1626 2819 182.
1657 2795 1721 2828 pro

908 2831 1055 2877 εύρέως.
1085 2836 1116 2868 Κ
1138 2839 1174 2868 et
1191 2833 1225 2866 H
1249 2832 1367 2866 malint
1387 2829 1526 2874 ἀγορήν
1554 2829 1722 2874 αἰψηρήν

908 2892 984 2914 esse
1007 2881 1225 2921 concionem,
1262 2890 1352 2923 quae
1376 2877 1535 2910 celeriter
1559 2877 1722 2910 dissolvi—

908 2931 984 2968 tur,
1010 2927 1064 2960 vel
1084 2927 1308 2961 subitaneam,
1333 2935 1421 2968 quae
1444 2930 1544 2957 extra
1567 2923 1721 2958 ordinem

909 2978 946 3006 et
968 2986 987 3006 e
1013 2972 1159 3016 vestigio
1185 2976 1376 3004 convocata
1401 2975 1461 3002 est.
1480 2989 1525 2994 —
1567 2968 1719 3005 ἐσκίδ-

909 3032 1068 3054 ναντο.
1095 3018 1128 3053 α’
1143 3016 1263 3058 487,
1289 3014 1339 3057 λ’,
1361 3017 1428 3050 308
1451 3021 1518 3050 etc.
1538 3035 1581 3042 -—
1615 3013 1720 3061 α’γέ-
