1847 3277
112 168 193 209 174

747 172 1147 214 ΟΜΗΡΟΥ

283 275 383 319 οὐδ’
415 275 469 319 ἄν
500 277 582 333 ἐγὼ
611 278 721 334 σοίγ’
751 274 833 322 ὦδε
862 279 970 350 πυρὶ
1001 280 1259 334 φλεγέθοντι
1281 279 1519 350 μαχοίμην.

280 331 374 388 λῆγ’
409 333 574 388 ε’ριδος·
612 339 765 388 Τρῶας
795 337 841 378 δὲ
871 337 946 378 καὶ
976 335 1130 378 αὐτίκα
1159 337 1253 385 δῖος
1281 334 1494 390 Ἀχιλλευς

167 394 251 434 360
281 389 434 439 α’στεος
464 390 679 442 ἐξελάσειε.
720 393 761 433 τί
790 408 865 446 μοι
896 392 1038 442 ἔριδος
1065 392 1140 434 καὶ
1169 389 1400 447 οἷριῑιγῆςςιι

366 449 453 502 Φῆ,
484 447 590 501 πυρὶ
619 447 877 501 καιόμενος·
909 446 995 490 ἀνὰ
1026 447 1070 491 δ’
1099 448 1231 502 ε’φλυε
1260 448 1370 491 καλὰ
1402 447 1573 502 ὁέεθρα.

280 519 338 551 ως
369 503 414 545 δὲ
444 503 571 559 λέβης
601 507 662 555 ζεῖ
687 504 841 550 ἔνδον,
872 503 1151 559 ἐπειγόμενος
1179 505 1283 558 πυρὶ
1313 509 1486 562 πολλῷ,

277 560 461 626 κνίσσην
491 560 752 628 μελδόμενος
783 559 1111 615 ἁπαλοτρεφέος
1142 560 1334 609 σιάλοιο,

279 614 504 658 πάντοθεν
531 614 787 686 α’μβολάδην
796 648 807 665 ,
838 616 925 660 ὑπὸ

956 618 1002 660 δὲ
1032 620 1137 667 ξυλα
1167 617 1372 688 κάγκανα
1394 621 1551 667 κεῖται,

165 670 247 714 365
279 670 335 719 (ὃς
364 676 443 714 τοῦ
472 672 583 715 καλοὶ
615 672 774 726 ρέεθρα
801 674 910 726 πυρὶ
940 673 1140 747 φλέγετο,
1177 673 1239 727 ζέε
1268 671 1310 716 δ’
1341 671 1484 726 ὕδωρ,

279 726 376 770 οὐδ’
408 728 528 770 ε’θελε
557 728 783 781 προρέειν,
817 728 917 772 ἀλλ’
948 732 1115 786 ἴσχετο·
1148 735 1265 798 τεῖρε
1291 727 1337 772 δ’
1367 727 1535 786 α’ὔτμὴ,

278 782 538 836 Ἡφαίστοιο
567 787 695 841 βίηφι
723 786 1022 841 πολύφρονος.
1070 785 1209 839 αὗταρ
1241 784 1309 840 ὅγ’
1328 783 1498 840 ”Ηρην,

281 840 420 883 πολλοὶ
448 841 726 897 λισσόμενος,
757 842 859 886 ε’πεα
885 843 1118 898 πτερόεντα
1148 842 1397 898 προσηύδα

110 987 189 1023 καὶ
214 985 408 1030 αὐτίκα,
446 990 498 1022 1el
521 990 658 1031 statim,
694 990 786 1023 vel=
777 1003 811 1023 ιιι
835 990 921 1024 arti·
967 989 1225 1034 hauptsacblich
1257 988 1291 1022 in
1318 990 1380 1023 der
1403 989 1581 1034 Negation
1605 988 1674 1024 οὔκ
1699 989 1781 1025 ἕθέ·
1808 971 1816 1033 Ξ

111 1035 202 1067 culo.
223 1052 269 1061 -
305 1037 349 1069 τί
373 1047 452 1077 μοι
478 1033 637 1079 ε’ριδος
662 1036 723 1070 καὶ
751 1035 922 1081 α’ρωγῆςς

113 1080 219 1117 ..scih
247 1080 282 1114 τί
307 1079 456 1124 πρᾶγμά
481 1080 613 1122 ἑστι;“
638 1083 679 1116 H.
717 1083 797 1116 licet
822 1083 922 1117 etiam

112 1107 307 1170 intelligere
339 1129 414 1170 δεῖ,
451 1129 505 1160 vel
529 1131 637 1169 μέλει.
682 1139 714 1162 v.
738 1140 768 1161 5
769 1129 924 1173 riptores

112 1172 282 1216 ellipsium
304 1181 338 1207 et
358 1173 638 1231 hlatth.§.385‚
663 1178 715 1208 10
750 1176 923 1232 ¹Aristoph.

112 1218 203 1262 Equ.
224 1218 324 1254 944.:
349 1222 384 1253 τί
406 1218 475 1263 γάρ
503 1217 572 1254 εστ’
596 1218 759 1264 Ἐρεχθεὶ
777 1222 838 1257 καὶ
864 1234 924 1255 κο

112 1267 248 1306 λοιοῖς,
274 1267 336 1300 καὶ
360 1267 463 1304 κυνί,-

88 1311 92 1315 ’
158 1311 372 1348 361—368.
419 1312 522 1345 Sch.=
565 1308 653 1346 dvo}
694 1310 731 1346 δ’
766 1311 923 1352 εᾛφλνε

112 1353 309 1398 ἅνέφλυεν,
334 1356 464 1399 άνέζει.
500 1357 628 1401 (Hes)
619 1359 670 1390 ·1ι.
684 1371 692 1391 z
717 1355 923 1403 ἀνέβλυζεν,

113 1399 230 1444 ἆνέζει
255 1410 321 1436 etc.
340 1423 383 1430 —
429 1402 767 1446 ἐπειγόμενος,
799 1405 924 1448 impul-

110 1461 180 1491 sus,
208 1456 315 1482 ustus.
337 1468 382 1474 —-
416 1450 618 1493 κνίσσην
642 1462 674 1482 τ.
708 1450 860 1484 Venetus
880 1450 923 1484 li-

111 1495 173 1528 ber
197 1500 339 1529 auctore
360 1494 560 1529 Aristarcho
585 1503 621 1528 et
645 1495 760 1530 Schol
786 1499 835 1537 Α;
860 1508 924 1529 nec

111 1540 214 1574 dubie
237 1540 273 1573 id
298 1540 332 1573 in
356 1541 428 1574 5ιιί5
452 1540 538 1585 legit
563 1541 641 1574 Sch.
651 1566 662 1582 ‚
698 1541 758 1586 qui
789 1542 840 1575 sic
870 1543 922 1575 in-

110 1592 343 1641 terpretetur:
378 1584 461 1621 ἀντὶ
493 1586 562 1621 τοῦ
595 1586 642 1621 τοὶ
677 1589 764 1632 λίπη
789 1587 923 1632 τήκων.

110 1629 325 1677 παθητικὸν
348 1630 431 1668 ἀντὶ
452 1631 684 1688 ἐνεργητικοῦ
707 1633 749 1669 τὸ
767 1634 923 1677 μέλδων.

110 1679 269 1712 similiter
293 1679 344 1712 E:
379 1677 502 1724 τήκων
526 1679 568 1714 τὸ
593 1683 700 1720 λίπος
724 1680 793 1715 τοῦ
818 1680 925 1725 κρέα-

110 1738 193 1766 τος,
229 1731 264 1758 et
288 1728 374 1770 Ap·
408 1725 573 1782 μέλδειν,
605 1725 738 1769 τήκειν.
786 1730 924 1772 κνίσῃ

110 1770 430 1815 μελδόμενος·
470 1770 492 1808 ὅ
524 1771 600 1806 ἐστι
623 1773 754 1817 τήκων.
797 1773 926 1817 legitur

110 1823 225 1852 tamen
259 1817 362 1861 vulgo
402 1819 549 1864 κνίσσῃ,
585 1821 791 1864 tertiamque
823 1821 926 1899 etiaAn

111 1847 339 1908 scripturam⁰
352 1866 480 1918 κνίσης
513 1865 715 1899 memoravit
740 1866 856 1899 Schol.

111 1915 152 1943 ut
176 1910 364 1954 permutari
394 1911 485 1945 inter
517 1922 554 1944 se
584 1910 697 1945 solent
720 1924 742 1945 ν
767 1917 802 1945 et
828 1925 844 1952 ς
867 1869 926 1946 liAt-

112 1960 211 1989 terae
230 1960 266 1989 et
286 1968 299 1989 ι
319 1956 542 2012 adscriptum3
564 1974 610 1981 —-
634 1954 831 1999 σιάλοιο,
856 1959 927 1991 suis

113 2000 352 2046 saginat1.1.',
372 2004 472 2046 208.)
516 1999 540 2036 ά
550 2003 806 2047 μβολάδην.
835 2003 925 2038 οἰνα-

114 2049 269 2093 βάλλων.
294 2048 483 2091 (Herodot.
505 2050 641 2087 4,182.
664 2050 706 2083 (15
727 2051 823 2084 fonte
844 2050 923 2084 solis

114 2105 171 2139 ap.
190 2095 401 2128 Ammonios.
427 2092 487 2130 ἐπὶ
512 2093 551 2129 δε
575 2096 714 2139 μᾶλλον
739 2096 798 2131 cdv
823 2094 859 2137 ἐς
882 2094 924 2130 τὸ

113 2138 262 2194 θερμὸν
294 2139 332 2180 ἐς
361 2140 474 2184 μέσας
505 2139 642 2182 νύκτας
677 2141 821 2185 πελάζει
861 2141 923 2186 [τό

113 2183 262 2230 imam]-
291 2189 496 2230 τηνικαῦτα
525 2185 566 2222 δε
595 2188 664 2230 ζέει
695 2187 926 2235 ἀμβολάδην,

114 2233 149 2266 1ι.
174 2245 205 2266 5.
244 2235 488 2269 exaestuando.
529 2245 722 2279 quanquam
754 2236 928 2280 glossator

113 2278 353 2312 Herodoteus:
380 2276 474 2314 καθ’
498 2276 722 2326 νπερβολήν,
744 2283 928 2315 vehemen-

112 2329 177 2358 ter.
211 2335 266 2369 ap.
291 2324 476 2359 Pindarum
508 2327 608 2360 Nem.
638 2329 699 2371 10,
731 2329 776 2363 62
810 2325 928 2373 ἀμβο-

112 2369 253 2411 λάδαν,
277 2369 434 2405 Dissenio
459 2372 675 2428 interprete,
711 2378 764 2407 est
784 2376 927 2417 praelu-

113 2417 238 2457 dendo,
267 2417 310 2450 ab
331 2415 736 2464 a’ussozsspraezudium.
766 2431 797 2453 ν.
817 2420 927 2454 Creu-

113 2474 184 2497 zer.
218 2466 254 2496 et
279 2463 385 2499 Bahr.
417 2475 496 2498 ann.
527 2464 571 2497 ad
600 2465 731 2499 Herod.
756 2466 776 2499 l.
807 2477 837 2500 c.
849 2491 859 2508 ‚
893 2466 927 2499 H

114 2508 200 2550 1ι..,1
223 2508 329 2544 Schn.
352 2521 386 2544 v.
412 2507 662 2564 ἀμβολάδην.)
697 2509 925 2556 κάγκανα.

115 2554 266 2599 (Odyss.
291 2553 343 2596 σ’,
367 2557 466 2600 307.)
498 2555 712 2601 κατάξηρα,
739 2571 851 2612 παρα
884 2557 926 2593 τὸ

114 2601 215 2645 κῆαι.
260 2601 481 2646 (‚‚Hesych.:
514 2603 544 2644 ξ.
567 2602 671 2647 κάγκ.
705 2602 795 2646 ξύλα
820 2603 928 2662 ξηροὶ.

116 2645 275 2691 ἐλαφρά.
323 2648 421 2703 plura
455 2649 516 2682 dat
539 2647 656 2692 Etym.
688 2649 825 2685 ductum
851 2650 924 2687 and

116 2695 186 2729 τοῦ
210 2693 372 2735 καίνειν,
397 2706 417 2728 ο
444 2692 519 2729 ἐστι
540 2694 583 2729 τό
608 2694 767 2731 κόπτειν.
786 2697 834 2741 [2]
868 2709 928 2732 oc-

119 2738 229 2774 currit
266 2751 332 2773 vox
364 2739 548 2784 κάγκανος
582 2740 682 2775 etiam
722 2754 776 2799 ap.
814 2744 926 2788 Apoll.

120 2786 233 2820 Rhod.
258 2790 295 2819 et
311 2786 490 2820 Theocr.“
514 2787 570 2820 Ea.-
590 2787 656 2831 H.)
705 2787 803 2823 οὐδ’
829 2789 930 2824 ἔθε-

120 2834 175 2866 λε.
208 2831 280 2866 νῦν
315 2829 384 2867 οὐκ
410 2831 578 2868 ἐδύνατο.
616 2832 773 2868 similiter
804 2835 831 2868 Ε
856 2847 931 2869 cum

122 2879 156 2912 h.
181 2877 225 2920 1.,
249 2882 318 2911 tum
343 2890 420 2912 ann.
446 2879 490 2914 ad
514 2878 571 2923 η’,
598 2880 683 2922 169,
710 2883 773 2926 Ap.
798 2892 831 2926 p.
852 2882 932 2917 344.

124 2929 159 2958 et
183 2923 252 2956 alii.
291 2924 485 2961 Buttmann.
513 2926 620 2959 besil.
641 2925 669 2960 I.
690 2937 723 2971 p.
740 2928 818 2962 27.=
841 2928 931 2968 „Ei-

124 2969 354 3013 genthfimlich
381 2970 426 3003 ist
449 2971 525 3005 dem
550 2970 712 3012 ἐθέλειν,
747 2973 826 3007 dass
860 2973 934 3007 dies

127 3014 227 3049 allein
269 3015 324 3049 fur
365 3014 556 3052 δύνασθαι
597 3018 788 3062 gebraucht
833 3019 935 3059 wird,

968 1039 1041 1076 λει,
1065 1037 1132 1069 wie
1156 1036 1195 1069 11.
1221 1033 1280 1079 φ’,
1307 1037 1386 1071 365.
1421 1050 1490 1071 ουκ
1522 1035 1626 1071 ἔθελε
1647 1035 1780 1079 προρέ-

970 1095 1041 1124 ειν,
1080 1079 1165 1116 ἀλλ’
1198 1082 1313 1125 ἴσχετο
1339 1094 1370 1115 u.
1406 1094 1448 1116 an
1482 1085 1611 1116 andern
1636 1084 1778 1117 Stellen.

970 1129 1006 1161 S.
1041 1128 1170 1162 Βιιῐιιῐι.
1206 1127 1409 1171 βούλομαι,
1454 1129 1563 1162 worin
1597 1128 1779 1172 eigentlich

971 1174 1062 1207 bloss
1094 1174 1155 1207 der
1181 1174 1335 1208 Wunsch
1369 1174 1453 1208 oder
1486 1176 1548 1208 das
1573 1175 1706 1207 Wollen
1737 1186 1780 1207 an

972 1222 1040 1253 und
1065 1221 1120 1252 sfir
1153 1219 1228 1253 sich
1262 1221 1438 1253 enthalten
1471 1220 1539 1260 ist,
1573 1220 1662 1253 kann
1687 1220 1780 1253 nicht

970 1277 1006 1297 so
1025 1266 1217 1308 gebraucnt
1236 1267 1397 1306 werden3
1418 1266 1510 1299 wohl
1529 1266 1612 1299 aber
1629 1265 1782 1307 ἐθέλειν,

969 1311 1118 1343 welches
1135 1312 1224 1344 ohne
1241 1311 1297 1344 die
1309 1312 1591 1356 Ueberzeugung
1608 1312 1669 1345 der
1681 1314 1782 1356 Mssg-

968 1356 1114 1389 lichkeit
1149 1356 1185 1389 in
1219 1357 1294 1390 dem
1328 1358 1531 1391 Wouenden
1563 1358 1658 1391 nicht
1696 1364 1784 1393 statt

969 1402 1125 1436 findet.“
1176 1403 1273 1447 Virg.
1299 1405 1384 1436 Aen.
1410 1403 1444 1444 7,
1469 1403 1549 1437 460.
1574 1404 1618 1437 de
1637 1402 1790 1438 Turno!

969 1460 1070 1480 arma
1096 1460 1213 1481 amens
1230 1450 1376 1491 fremit,
1401 1461 1502 1482 arma
1525 1455 1598 1483 toro
1617 1452 1782 1494 tectisque

967 1495 1132 1538 requirit.-
1169 1496 1289 1529 Saevit
1313 1507 1410 1528 amor
1425 1497 1518 1538 ferri
1550 1501 1584 1529 et
1611 1497 1782 1530 scelerata

969 1541 1106 1573 insania
1133 1541 1229 1583 hesli,
1265 1543 1325 1573 Ira
1357 1553 1470 1585 super.
1513 1553 1642 1587 magno
1675 1544 1783 1577 veluti

971 1598 1045 1618 cum
1071 1588 1220 1629 flamma
1253 1599 1373 1620 sonore
1413 1589 1544 1632 Virgea
1578 1590 1784 1633 suggeritur
1818 1612 1822 1645 ἱ

970 1633 1070 1666 costis
1090 1634 1255 1666 undantis
1273 1634 1388 1674 aheni,
1411 1635 1663 1679 Exsultantque
1682 1641 1783 1669 aestu

971 1679 1110 1712 latices:
1136 1681 1230 1721 furit
1254 1680 1347 1713 intus
1369 1692 1483 1724 aquae
1507 1682 1577 1721 vis,
1617 1682 1783 1715 Fumidus

973 1730 1076 1768 atque
1108 1726 1178 1758 alte
1202 1727 1330 1768 spumis
1355 1727 1519 1760 eacuberat
1542 1729 1675 1768 amnis‚·
1711 1728 1783 1762 Nec

962 1772 1042 1814 jam
1066 1783 1102 1804 se
1126 1773 1219 1815 capit
1243 1773 1360 1812 undu,
1353 1785 1362 1793 -
1385 1773 1480 1806 volat
1503 1784 1612 1816 vapor
1634 1781 1711 1808 ater
1737 1775 1785 1808 ad

973 1829 1092 1850 auras.
1127 1829 1204 1851 ann.
1238 1818 1291 1851 Cl.
1340 1823 1522 1863 praeterea
1545 1819 1667 1853 Kraus.
1693 1832 1783 1854 com-

973 1863 1090 1907 parari
1110 1863 1216 1907 jussit
1241 1864 1285 1904 Q.
1304 1865 1439 1918 Smyrn.
1465 1866 1509 1906 5,
1532 1867 1612 1900 379.
1634 1873 1669 1899 et
1684 1878 1782 1912 seqq.

973 1921 1007 1943 v.
1041 1909 1164 1950 etiam,
1199 1910 1228 1942 si
1262 1911 1349 1944 tanti
1384 1916 1461 1952 est,
1495 1908 1543 1954 σ’,
1567 1913 1688 1947 343—
1657 1914 1782 1954 —349,

1806 900 1817 961 5

972 1961 1008 1989 et
1041 1955 1084 1988 de
1109 1966 1172 1988 usu
1203 1955 1314 1989 elixae
1345 1957 1457 1990 carnis
1491 1969 1578 1992 aevo
1602 1958 1785 1993 Homerico
1846 1984 1847 1991 ,

973 2013 1051 2035 ann.
1078 2001 1121 2035 ad
1147 2001 1197 2041 δ’,
1222 2003 1302 2036 345.
1328 2015 1397 2047 qua
1431 2014 1536 2037 carne
1560 2007 1682 2038 heroes
1706 2006 1787 2038 abs-

972 2047 1114 2080 tinuisse
1142 2048 1224 2081 dicit
1246 2049 1362 2082 Schol.
1384 2052 1434 2089 A;
1466 2050 1591 2092 credo,
1618 2052 1700 2095 quia
1722 2051 1784 2084 rni-
1843 2072 1847 2083 ι

973 2105 1035 2126 nus
1058 2095 1256 2127 succulenta
1289 2099 1341 2128 est
1373 2106 1472 2140 quam
1502 2106 1590 2130 assa.
1630 2097 1705 2130 fieri
1729 2104 1784 2131 ta-

973 2151 1048 2173 men
1079 2140 1210 2184 potuit,
1245 2146 1282 2173 ut
1314 2141 1373 2174 illa
1404 2152 1541 2194 quoque
1568 2149 1787 2178 vescerentur
1846 2180 1847 2185 ¹

974 2196 1224 2229 nonnunquam,
1249 2197 1324 2220 cum
1344 2198 1400 2220 res
1418 2187 1468 2220 ita
1486 2187 1646 2228 ferebam
1670 2201 1788 2234 quem-

974 2231 1152 2264 admodum
1177 2240 1212 2265 et
1236 2232 1353 2272 feras,
1379 2244 1474 2274 aves,
1500 2233 1612 2278 pisces
1637 2234 1787 2280 denique
1814 2220 1818 2234 β
1846 2240 1847 2244 ’

974 2277 1205 2310 comederunt.
1245 2289 1277 2311 v,
1304 2278 1417 2312 Feith.
1443 2280 1486 2320 3,
1512 2282 1552 2321 1,
1576 2281 1610 2315 5.
1636 2285 1672 2314 et
1696 2293 1784 2326 quae

973 2322 1131 2356 laudavit
1149 2323 1224 2357 loca
1245 2324 1345 2368 hujus
1362 2325 1482 2367 nostri,
1494 2324 1548 2369 ψ’,
1561 2326 1640 2368 852,
1656 2327 1784 2372 Odyss.

974 2367 1010 2409 ι’,
1034 2370 1110 2409 155,
1136 2367 1179 2410 κ’,
1205 2370 1284 2411 180,
1310 2369 1360 2411 μ’,
1381 2373 1451 2406 330
1471 2376 1507 2404 et
1530 2383 1626 2417 seqq.
1668 2373 1785 2408 Mont-

973 2415 1042 2448 bel.
1067 2426 1144 2449 ann.
1170 2417 1214 2449 ad
1240 2417 1285 2457 δ’,
1307 2417 1407 2452 343·

973 2471 1032 2494 ros
1056 2472 1098 2494 ne
1122 2461 1308 2496 desiraient
1332 2463 1431 2508 point
1455 2463 1516 2498 des
1539 2470 1625 2498 mets
1648 2466 1788 2500 recher-

973 2507 1055 2540 ches
1080 2512 1116 2540 et
1139 2507 1307 2553 (151ἱεειῐ5,
1340 2510 1384 2543 (15
1406 2510 1522 2554 larges
1547 2515 1582 2545 et
1606 2511 1786 2555 copieuses

973 2552 1130 2598 portions
1166 2554 1210 2587 de
1245 2554 1386 2588 viandes
1417 2556 1545 2598 rodes,
1588 2556 1678 2590 voila
1710 2557 1786 2592 leur

973 2598 1068 2632 seule
1093 2599 1300 2635 nourriture.
1336 2600 1386 2634 Ce
1408 2613 1429 2634 n
1430 2601 1530 2635 'etait
1553 2614 1621 2647 que
1644 2614 1709 2647 par
1726 2607 1787 2638 ne-

974 2645 1101 2678 cessite
1136 2656 1179 2690 qu
1182 2644 1235 2679 ι15
1274 2647 1492 2692 mangeaient
1526 2648 1573 2682 du
1606 2649 1721 2693 gibier
1752 2636 1814 2684 51ςὲ

974 2690 1020 2723 du
1045 2690 1203 2734 poiss0n;
1230 2697 1281 2734 et,
1306 2693 1453 2738 quoique
1472 2693 1542 2727 l'on
1559 2700 1682 2729 trouve
1702 2695 1787 2730 dans
1810 2691 1814 2701 '

976 2736 1161 2780 l’Odyssee
1186 2735 1261 2782 (η’,
1286 2740 1352 2773 112
1376 2740 1492 2784 seqq.)
1517 2751 1581 2773 une
1605 2740 1676 2775 fort
1699 2741 1788 2776 belle

977 2782 1187 2827 description
1211 2784 1271 2817 des
1288 2784 1423 2828 jardins
1438 2785 1471 2819 ‹1’
1474 2785 1652 2828 Alcinous,
1678 2799 1721 2822 on
1744 2800 1789 2822 ne
1811 2803 1817 2817 ι

977 2828 1053 2861 voit
1077 2839 1136 2873 pas
1158 2840 1224 2873 que
1243 2830 1366 2873 jamnis
1390 2842 1432 2864 on
1454 2842 1557 2865 serve
1577 2843 1637 2866 sur
1660 2833 1710 2867 155
1733 2839 1812 2868 ta-.
1810 2836 1812 2838 ’

978 2875 1052 2908 bles
1076 2874 1112 2908 ni
1132 2875 1255 2916 fruita,
1280 2875 1314 2909 ni
1336 2876 1499 2921 legumes,
1549 2877 1617 2912 Ces
1641 2879 1789 2914 hommes

979 2921 1152 2961 robustes,
1176 2900 1392 2956 accssutumes
1410 2935 1430 2957 a
1448 2935 1515 2958 une
1536 2924 1591 2957 vie
1610 2925 1653 2958 de
1675 2925 1814 2970 peine,
1808 2952 1814 2970 ¹.

981 2966 1120 2999 avaient
1143 2966 1261 3000 besoin
1293 2965 1394 3002 dune
1418 2969 1616 3005 nourriture
1638 2971 1730 3005 forte
1754 2977 1790 3006 et

981 3011 1254 3047 substantielle“
1278 3019 1342 3047 etc.

1433 2417 1535 2459 „Les
1560 2419 1700 2453 anciens
1725 2420 1786 2454 he·
1812 2418 1815 2424 ¹

1808 2896 1814 2930 i

1807 2979 1814 3004 ι
