1862 3277
594 139 1027 181 ΙΛΙΑΛΟΣ
1089 138 1137 182 Ξ.

1615 139 1696 179 231

54 284 63 288 -
98 257 179 297 370
210 249 306 294 ἆλ’λ
340 245 484 304 ἄγεθ’,
515 246 574 299 ὥς
602 245 657 290 ἂν
687 247 799 302 ἐγων
829 249 956 297 ε’ίπω,
987 245 1246 297 πειθώμεθα
1275 246 1446 299 πάντες.

212 307 390 357 ἀσπίδες
420 305 547 348 ὅσσαι
577 303 750 357 ἄρισται
784 305 846 347 ἐνὶ
877 307 1049 360 στρατῷ
1079 302 1155 359 ἠδὲ
1184 303 1403 357 μέγισται,

213 363 467 417 ἑσσάμενοι,
502 360 693 416 κεφαλάς
724 361 768 404 δὲ
800 364 1078 431 παναίθῃσιν
1098 359 1337 411 κορύθεσσι

208 418 474 487 κρύψαντες,
505 419 654 488 χερσίν
681 434 725 460 τε
755 417 806 459 τά
839 415 1078 472 μακρόταέ
1112 416 1221 471 «ἔγχε’
1253 415 1441 466 ἑλόντες,

208 479 355 529 ιΟμδΊ)”

407 472 544 528 αὐτὰρ
576 473 688 528 ἐγών
717 473 958 530 ἡγησομαι,
997 473 1099 517 ov⁷6’
1132 475 1192 516 ἔτι
1222 489 1334 528 φηιιι

98 536 178 579 375
196 533 387 585 ιἝκτορα
421 533 669 584 Πριαμίδην
694 531 888 601 μενέειν,
923 529 1038 586 μάλα
1068 546 1146 582 περ
1178 533 1414 584 azymae!

213 588 277 642 [ὃς
307 590 353 631 δέ
383 587 429 630 κ’
461 586 571 643 ἀνὴρ
603 589 889 658 μενέχαρμος,
923 588 1006 657 ἔχει
1037 587 1077 629 δ’
1112 586 1261 640 ὀλίγον
1292 584 1426 635 σάκος
1456 583 1582 642 ὤμῳ,

208 647 373 702 χείρονι
404 644 515 700 φωτὶ
549 642 684 696 δότω,
716 643 739 687 6
773 642 815 687 6’
848 645 896 688 ἐν
927 643 1077 687 άσπίδι
1106 645 1270 698 μείζονι
1302 641 1445 695 δύτω]

276 723 359 774 ᾩς
373 720 542 794 ἔφαθ’·

206 797 311 830 τους
343 778 382 822 δ’
416 778 539 822 αὐτοι

583 724 626 765 οἱ
650 719 694 765 δ’
719 722 805 776 ἄρα
825 726 906 766 τοῦ
927 723 1044 778 μάλα
1066 721 1145 793 μὲν
1167 721 1322 774 κλύον,
1352 719 1426 775 ἥδ’
1447 720 1666 765 ἐπίθοντο.

572 782 778 848 βασιλῆες
812 780 1043 833 ἐκόσμεον,
1077 778 1314 831 οὐτάμενοί
1344 793 1448 830 περ,

96 843 178 883 380
213 838 442 891 Τυδείδης,
472 835 680 886 Ὀδυσεύς
710 853 771 887 τε,
803 837 877 881 καὶ
903 835 1120 891 Ἀτρείδης
1143 834 1442 890 Ἀγαμέμνων·

209 893 426 948 οἰχόμενοι
457 891 497 936 δ’
531 893 599 935 ἐπὶ
629 891 817 946 πάντας,
859 893 995 963 ἀρήϊα
1025 891 1163 948 τεύχε’
1193 892 1394 960 ἄμειβον·

208 950 344 1021 {655202
373 966 451 1005 μεν
481 949 639 999 ἐσθλός
669 949 816 1001 ἐδυνε,
848 950 980 1006 χέρηα
1011 950 1056 993 δὲ
1085 951 1250 1005 χείρονι
1282 947 1449 991 δόσκεν.

208 1005 347 1059 αὐτὰρ
379 1007 471 1048 ἐπεί
503 1005 547 1061 ρ’
580 1005 764 1049 ε’σσαντο
782 1008 890 1076 ,περὶ
921 1008 1022 1062 χροῒ
1048 1006 1230 1060 νώροπα
1258 1003 1438 1060 χαλκὸν,

207 1062 293 1118 βάν
323 1061 371 1116 ρ’
399 1063 518 1116 ἰ’μεν·

567 1058 669 1131 ἦρχε
700 1063 744 1106 δ’
776 1063 863 1116 ἄρα
893 1075 972 1119 σφι
1005 1062 1263 1106 Ποσειδάων
1294 1063 1558 1117 ἐνοσίχθων,

95 1121 177 1164 385
208 1118 356 1162 δεινὸν
389 1118 472 1171 ἄορ
504 1119 715 1175 τανύηκες
746 1119 855 1174 ἔχων
884 1121 932 1163 ἐν
964 1120 1072 1190 χειρὶ
1101 1121 1276 1175 παχείῃ,

203 1178 367 1219 εἴκελον
396 1175 637 1245 άστεροπῃ,
671 1180 733 1232 τῷ
765 1176 806 1220 δ’
841 1176 896 1220 οὐ
925 1178 1052 1230 θέμις
1083 1176 1171 1219 ἐστὶ
1201 1178 1382 1231 μιγῆναι

203 1232 251 1276 ἐν
281 1234 357 1276 δαῒ
382 1230 608 1304 λευγαλέῃ,
642 1221 753 1276 άλλόι
783 1235 880 1284 δέος
911 1234 1073 1289 ἰσχάνει
1105 1232 1281 1285 ἄνδρας.

209 1293 364 1344 Τρῶας
395 1289 439 1332 δ’
470 1285 581 1332 αὖθ’
615 1287 828 1343 ἑτέρωθεν
859 1290 1032 1345 ἐκόσμει
1062 1291 1269 1357 φαίδιιιος
1283 1287 1466 1342 ’Έκτωρ

206 1347 259 1403 δή
289 1347 344 1402 ῥα
373 1344 464 1390 τότ’
497 1346 731 1416 αἰνοτάτην
761 1348 885 1401 ἔριδα
914 1348 1172 1422 πτολέμοιοῄ
1180 1345 1403 1389 τάνυσσαν

93 1408 175 1449 390
204 1408 473 1474 κυανοχαῖτα
503 1403 760 1448 Ποσειδάων
787 1405 860 1447 καὶ
891 1403 1127 1475 φαίδιιιος
1127 1402 1309 1456 Ἐκτωρ,

202 1459 308 1532 η’τοι
332 1459 355 1503 ὁ
387 1459 468 1514 μὲν
501 1458 746 1514 Τρώεσσιν,
778 1460 800 1505 ὁ
834 1460 874 1504 δ’
902 1460 1156 1516 Ἀργείοισιν
1186 1458 1370 1516 ἀρήγων.

200 1516 397 1590 ἐκλύσθη
426 1516 472 1560 δὲ
501 1516 705 1561 θάλασσα
734 1519 833 1561 ποτὶ
861 1521 1027 1569 κλισίας
1056 1534 1100 1561 τε
1129 1517 1230 1567 νέας
1260 1532 1303 1560 τε

200 1573 423 1645 Ἀργείων·

467 1574 511 1617 οἷ
540 1573 586 1616 δὲ
617 1575 800 1626 ξύνισαν
829 1575 999 1631 μεγάλῳ
1031 1574 1256 1630 ἀλαλητῷ,

205 1630 304 1675 οὔτε
333 1629 571 1700 θαλάσσης
585 1635 704 1687 κῦμα
732 1631 867 1675 τόσον
897 1632 1014 1703 βοάᾳ
1042 1632 1142 1675 ποτὶ
1173 1631 1355 1686 χέρσον,

89 1691 174 1735 395
203 1690 427 1732 ποντόθεν
458 1685 707 1742 ὀρνύμενον
735 1705 867 1746 πνοι33
901 1689 1053 1743 Βορέω
1085 1688 1303 1758 ἄλεγεινῃ,

203 1743 303 1790 οὔτε
333 1745 470 1800 πυρὸς
497 1743 656 1798 τόσσος
683 1762 731 1801 γε
756 1747 872 1790 πέλει
902 1747 1064 1804 βρόμος
1095 1744 1377 1801 αἰθομένοιο,

32 1880 80 1918 ἓσ
90 1892 111 1918 σ
121 1880 145 1917 ά
156 1894 182 1926 μ
192 1893 208 1917 ε
219 1894 241 1916 ν
252 1894 271 1917 ο
285 1895 308 1916 ι.
367 1878 542 1928 λαβόντες
552 1906 563 1923 ,
610 1881 840 1917 καθοπλισά-

31 1941 148 1974 μενοι.
173 1928 341 1972 („Schol.
365 1931 411 1962 A:
445 1927 702 1972 περιθέμενοι,
728 1929 842 1963 induti

32 1977 169 2020 clipeis,
203 1974 283 2020 quia
303 1975 417 2009 balteo
436 1975 586 2009 humeris
607 1976 732 2020 injecto
754 1987 839 2021 pen-

34 2022 127 2057 dent.
141 2025 166 2042 ‘⁴
214 2022 269 2055 Ex
289 2022 334 2054 H.
377 2022 421 2054 cf.
442 2023 510 2056 350
529 2022 623 2065 etc.)
659 2034 719 2056 πα
732 2035 752 2056 ν
766 2022 840 2056 αί-

33 2071 98 2115 θῃ
110 2080 151 2104 σι
164 2081 196 2104 ν.
239 2065 340 2102 πάνυ
363 2070 572 2108 στιλπναῖς,
596 2071 791 2113 λαμπραῖς.

77 2139 165 2180 376,
188 2138 269 2172 377.
312 2147 432 2170 versus
451 2138 720 2182 supervacanei,
755 2148 840 2182 quos

33 2184 312 2265 fflglgsssotarunt
334 2188 421 2218 vett.
448 2183 590 2226 critici,
630 2185 676 2217 W
709 2183 840 2218 uncinis

80 2300 148 2336 379
166 2317 210 2325 —
228 2302 307 2337 387
353 2298 476 2341 τούς.
524 2299 645 2333 horum
685 2299 840 2343 aliquos,-

35 2357 148 2390 neque
169 2346 253 2381 enim
277 2358 405 2388 omnes,
430 2346 519 2391 quod
536 2345 610 2379 fieri
631 2357 695 2378 non
714 2345 839 2390 potuit,

35 2393 96 2426 sed
122 2397 195 2426 tres
225 2404 327 2436 reges
354 2393 496 2427 totidem
519 2391 702 2426 bellatores
727 2403 838 2425 arma-

35 2444 135 2481 runt,
169 2439 294 2495 d’einde
324 2445 457 2473 ceteros
485 2439 650 2472 adeuntes
675 2435 838 2481 (οἰχόμε-

35 2496 96 2520 νοι
116 2463 156 2519 δ’
178 2481 238 2519 ἐπὶ
267 2483 430 2525 πάντας,
467 2485 499 2518 h.
520 2497 550 2518 e.
575 2483 777 2528 οἰχομένων
797 2482 837 2519 δὲ

36 2529 161 2566 αὐτῶν
182 2529 209 2566 ἐ.
228 2544 266 2565 π.
301 2543 334 2565 v.
354 2530 398 2577 β’,
417 2532 485 2566 353
505 2530 591 2574 etc.)
621 2532 757 2564 hortatu
777 2542 838 2564 suo

37 2577 239 2619 effecerunt,
274 2582 313 2611 ut
331 2578 365 2611 hi
385 2589 523 2622 quoque
542 2575 609 2632 ipsi
637 2588 728 2610 arma
747 2576 840 2611 inter

36 2635 82 2659 se
96 2629 338 2668 permutarent.
363 2625 406 2656 cs.
425 2624 468 2657 H.
488 2642 532 2647 —
558 2620 623 2663 029.
649 2636 681 2658 τ.
701 2635 840 2666 αμει·

37 2671 140 2723 βον,
173 2670 421 2704 commutabant
450 2680 543 2703 arma
567 2668 639 2711 ini,
679 2680 764 2712 quos
795 2670 839 2703 iis

38 2727 103 2750 non
120 2715 354 2750 instruxerant
366 2715 545 2750 triumviri.
572 2735 616 2739 —
640 2728 662 2750 ν
674 2715 702 2749 ω’
714 2729 733 2759 9
747 2728 765 2750 ο
778 2729 838 2751 πα

39 2759 220 2806 χαλκόν.
246 2761 292 2809 β’,
313 2763 391 2797 578.
418 2782 460 2787 -
487 2764 570 2817 Ap.-
594 2774 838 2817 τανυηκες.

0 2837 1 2843 ,
38 2826 84 2834 --
106 2807 148 2843 td
171 2807 371 2865 τεταμένην
394 2807 478 2853 ἕχον
495 2807 563 2852 τὴν
582 2805 698 2853 άκὴν,
728 2822 838 2844 τουτ-

0 2880 1 2886 ,
40 2852 114 2890 ἐστι
149 2853 216 2899 τὴν
251 2853 385 2909 ἀκμήν
421 2875 464 2880 -
504 2855 627 2899 χειρὶ
660 2868 761 2900 παχ.
792 2856 837 2901 γ’,

40 2901 108 2937 376
125 2904 190 2935 etc.
227 2920 273 2927 -—
281 2900 554 2959 ἀστεροπῇ.
603 2900 646 2944 κ’,
678 2904 743 2937 154
770 2909 837 2938 etc.

43 2965 77 2973 -
107 2947 177 2993 τῷ.
203 2948 253 2995 τῷ
274 2946 369 2993 ἄορι.
393 2967 438 2973 -
463 2948 695 2994 λευγαλέῃ.
722 2947 837 2991 ι’,119

887 1888 953 1917 etc.
1002 1882 1105 1916 Schn
1138 1878 1343 1926 ἰσχάνει
1378 1876 1442 1922 (ρ’,
1462 1875 1541 1913 747.
1576 1876 1622 1911 cf.
1646 1875 1694 1918 μ’,

886 1930 931 1964 38
952 1930 1037 1972 etc.)
1061 1927 1185 1972 κατέχ.
1189 1941 1220 1969 ι,
1245 1923 1435 1972 λαμβάνει.
1482 1949 1506 1966 ,,
1520 1923 1610 1957 ensis
1637 1923 1696 1956 ine

886 1975 1044 2020 Neptuni
1063 1981 1131 2009 tam
1148 1973 1344 2008 tremendus
1369 1977 1441 2013 est,
1464 1976 1503 2004 ut
1525 1981 1621 2004 nemo
1640 1969 1694 2002 of-

886 2022 979 2055 ferre
999 2033 1037 2054 se
1055 2021 1105 2054 illi
1128 2021 1266 2060 audeat,
1292 2018 1353 2053 sed
1374 2028 1488 2052 omnes
1503 2022 1597 2051 metu
1613 2027 1694 2061 per-

887 2068 971 2102 culsi
990 2067 1215 2112 aufugiant.“
1263 2067 1318 2099 Ex
1347 2065 1393 2100 H.

931 2149 1020 2189 389,
1044 2149 1124 2183 390.
1161 2145 1302 2189 ἔριδα
1333 2158 1402 2180 πτ.
1436 2142 1692 2179 τάνυσσαν.

884 2192 929 2237 ν’,
951 2196 1040 2239 358
1066 2195 1099 2229 9.
1123 2214 1167 2219 -
1192 2206 1340 2229 κυαν.
1361 2190 1405 2234 ν’,
1428 2192 1498 2228 563
1522 2194 1590 2224 etc.

929 2276 1010 2311 392.
1036 2272 1256 2319 ἐκλύσθη.
1299 2272 1573 2317 ἔκλυδωνίσθη,
1606 2282 1692 2306 συν·

883 2323 1148 2377 αγανακτοῦσα
1180 2322 1411 2362 Ποσειδῶνι,
1450 2319 1512 2354 καὶ
1548 2315 1694 2361 αὕξασα

882 2367 951 2412 τὴν
972 2367 1092 2426 βοήν,
1128 2381 1151 2426 η
1177 2366 1362 2403 θάλασσα.
1410 2364 1693 2410 παρατηρητέον

884 2414 944 2458 δὲ,
970 2413 1046 2456 ὅτι,
1081 2427 1172 2457 πριν
1199 2415 1315 2450 εἰπεῖν
1338 2427 1373 2449 τι
1400 2414 1475 2447 τῶν
1501 2426 1599 2447 κατα
1623 2411 1693 2454 τήν

884 2460 1006 2507 μάχην
1026 2462 1187 2507 θορυβεῖ
1203 2460 1268 2497 τόν
1288 2458 1489 2506 ἀκροατήν.
1514 2458 1629 2493 Schol.
1653 2459 1690 2492 Β

930 2530 1058 2567 394—
1066 2532 1145 2566 399.
1172 2531 1278 2564 Sch.=
1313 2529 1450 2576 βοάᾳ.
1485 2528 1574 2575 βοᾷ,
1601 2525 1690 2571 ἠχεῖ.

884 2575 1006 2623 (ὀρν.
1018 2577 1036 2620 )
1056 2576 1380 2621 προσρηγνύμενον
1405 2578 1450 2620 τῇ
1473 2589 1530 2621 γῃ.
1554 2573 1636 2618 (άλ
1646 2587 1692 2609 ε-

884 2624 1032 2678 γεινῇ.
1069 2623 1228 2669 ἀλγεινῇ.
1260 2636 1292 2657 ν.
1320 2622 1365 2680 β,
1389 2624 1458 2658 787
1478 2622 1564 2664 etc.)
1589 2621 1690 2654 Sch.:

885 2669 1074 2727 βρόμος.
1108 2667 1350 2726 uv91oe9(‘2)o
1369 2670 1437 2704 τοῦ
1455 2666 1572 2711 πυρὸς
1589 2661 1690 2712 ἦχος.

886 2715 980 2753 ὅθεν
999 2717 1061 2752 καὶ
1083 2715 1281 2772 Βρόμιος,
1299 2713 1373 2751 απὸ
1395 2716 1463 2750 τοῦ
1481 2712 1611 2756 πυρός.
1651 2712 1692 2748 ἐν

884 2763 941 2805 οἷς
962 2764 1021 2807 (h
1050 2775 1081 2798 e.
1100 2763 1195 2807 πρὸς
1213 2759 1372 2803 τούτοις.
1418 2774 1452 2795 v
1476 2760 1688 2819 Ηεε)ε1].ν.

884 2811 923 2846 ἐν
944 2810 1034 2866 δέ.)
1037 2810 1072 2844 οὶ
1092 2809 1256 2868 ποιηταὶ
1271 2823 1304 2845 κ.
1333 2808 1402 2844 τόν
1430 2809 1559 2850 μῦθον
1581 2805 1689 2841 ἔπλα-

885 2869 973 2899 σαν,
1020 2854 1077 2891 ὅτι
1113 2855 1152 2892 ἐκ
1186 2856 1277 2897 Διος
1309 2856 1369 2891 καὶ
1406 2852 1567 2910 Σεμέλης
1600 2852 1688 2897 ἐστὶ,

884 2903 1082 2950 βληθείσης
1103 2905 1154 2946 τῷ
1172 2903 1357 2949 κεραυνῷ,
1390 2915 1420 2935 κ.
1444 2913 1499 2935 οτι
1511 2912 1690 2944 πυρογεν-

883 2952 949 2996 νῆς
971 2949 1059 2986 ἐστι
1107 2950 1262 2985 similiter
1278 2939 1393 2983 Schol.
1418 2947 1465 2989 Β,
1492 2947 1542 2990 Ε,
1562 2947 1676 2992 Etym.
1668 2973 1688 2990 .‚
