1847 3277
109 194 194 235 318

736 187 1135 232 ΟΜΗΡΟΥ

166 303 248 347 515
279 296 362 349 εἷς,
389 298 417 354 ἢ
446 298 509 342 ἐνὶ
544 301 680 355 Τροίῃ
711 298 926 368 (δύνασαι
951 298 996 340 δὲ
1027 296 1080 340 σύ
1111 293 1290 339 πάντοσ’
1320 294 1542 352 ἀκούειν),

276 353 400 409 ἀνέρι
428 358 677 412 κηδομένῳ,
710 354 768 405 ὦς
796 370 880 397 νυν
909 353 978 408 ἐμὲ
1008 355 1141 409 κῆδος
1171 351 1339 396 [navem

277 411 400 462 ἕλκος
429 413 508 480 μὲν
536 413 618 467 γὰρ
647 413 725 466 εχω
758 411 856 453 τόδε
886 410 1120 463 καρτερόν,
1153 408 1267 481 ἀμφὶ
1295 407 1341 451 δέ
1371 424 1448 464 μοι
1475 407 1565 463 χεὶρ

276 466 416 525 ὀξείης
446 467 661 525 ὀδύνῃσιν
692 466 913 522 ἐλήλαται,
946 465 1048 509 οὐδὲ
1080 483 1177 525 μοι
1185 463 1289 519 αἷμα

275 529 478 597 τερσῆναι
509 526 713 567 δύναται·
747 523 936 579 βαρύθει
965 522 1010 565 δέ
1040 540 1115 577 μοι
1145 525 1262 576 ὠμος
1291 519 1375 563 ὑπ’
1408 518 1571 563 αὐτοῦ·

162 585 244 626 520
274 580 395 635 ἔγχος
426 580 465 624 6’
499 579 552 623 οὐ
585 582 777 634 δύναμαι
808 585 922 634 σχεῖν
953 580 1159 629 εἰιπεδον,
1191 576 1293 621 οὐδὲ
1328 574 1541 632 μάχεσθαι

275 637 418 679 ἐλθων
449 638 762 693 δυσμενέεσσιν,
777 635 904 705 ἀνὴρ
936 635 977 679 δ’
1012 635 1194 692 ὤριστος
1224 633 1377 683 ὄλωλε,

272 695 548 762 Σαρπηδών,
579 694 686 744 Διὸς
716 691 834 742 υἱός
867 692 890 736 ὁ
922 692 966 735 δ’
999 691 1099 735 ουδ’
1132 693 1164 747 ᾧ
1196 691 1318 734 παιδὶ
1349 689 1515 745 ἀμύνει.

273 748 381 792 ἄλλα
413 750 466 792 σύ
496 750 574 821 πέρ
606 766 702 804 μοι,
735 748 867 803 ἅναξ,
897 748 996 793 τόδε
1025 748 1240 818 καρτερὸν
1268 747 1392 797 ε’λκος
1422 745 1619 795 ἄκεσσαι,

271 807 484 861 κοίμησον
516 805 562 849 δ’
595 806 778 857 ὀδύνας,
812 808 885 856 δὸς
916 806 962 849 δὲ
992 805 1174 859 κράτος,
1207 801 1313 858 ὄφρ’
1346 802 1543 858 ἑτάροισι

160 866 244 908 525
274 863 537 933 κεκλόμενος
565 865 797 906 Λυκίοισιν
827 861 1052 915 ἐποτρύνω
1082 864 1348 915 πολεμίζειν,

275 917 407 970 αὐτός
435 917 477 962 τ’
511 918 627 975 ἀμφὶ
657 921 781 963 νέκυι
810 923 1136 974 κατατεθνηῶτι
1166 917 1377 972 μάχωμαι.
1389 921 1415 941 “

323 1004 463 1032 sanatus
489 1011 510 1032 a
534 1000 597 1032 deo
624 1000 777 1033 Glaucus
801 1004 937 1033 ceteros
961 1000 1012 1044 Ly
1017 999 1144 1032 ciorum
1170 998 1273 1031 duces
1308 996 1538 1037 exhortatur,
1570 994 1762 1041 principes-

242 1056 309 1091 que
333 1045 435 1078 etiam
459 1045 690 1090 Trojanorum
714 1046 907 1090 Sarpedoni
931 1013 1061 1079 ιιιοῖωο
1087 1045 1207 1079 adesse
1227 1043 1338 1087 jubet.

341 1110 427 1165 ’Ὡς
459 1111 587 1170 ε”φατ
621 1112 881 1170 εὐχόμενος·
912 1117 991 1157 τοῦ
1022 1111 1068 1156 δ’
1100 1112 1222 1155 ε’κλυε
1254 1113 1419 1167 Φοῖβος
1443 1107 1678 1153 Ἀπόλλων.

104 1237 213 1272 ιιιὶιιιι5
236 1237 403 1273 concinna
426 1242 490 1274 est.
515 1238 567 1273 sic
591 1243 703 1274 antem
739 1238 778 1281 ε’,
814 1240 912 1276 115..
904 1251 912 1260 ·

103 1285 216 1319 κλῦθί
238 1297 321 1328 μοι,
354 1285 537 1330 αἰγιόχοιο
562 1287 656 1327 Διὸς
689 1285 804 1326 τέκος.
838 1286 913 1319 He-

103 1331 221 1364 siodus
247 1332 383 1375 Theog.
408 1334 507 1367 474.·
534 1333 569 1367 οἱ
596 1331 635 1367 δε
651 1331 820 1390 θυγατρὶ
845 1333 912 1376 φί-

103 1379 147 1422 λῃ
171 1375 269 1421 μάλα
301 1376 368 1420 μὲν
402 1377 513 1413 κλύον
548 1377 610 1423 ηδ’
644 1377 834 1414 ἐπίθοντο.
867 1378 912 1411 cf.

103 1425 185 1464 531,
209 1425 264 1464 H,
291 1424 413 1457 Matth.
445 1427 476 1466 ὃ.
501 1424 570 1460 340
594 1430 660 1460 etc.
717 1424 913 1467 Λυκίης.

104 1470 239 1503 celeber
263 1470 331 1503 suit
355 1471 524 1514 Apollinis
545 1472 654 1505 cultus
679 1476 716 1506 et
739 1471 911 1506 oraculum

106 1516 241 1549 Pataris
263 1516 299 1548 in
323 1516 444 1561 Lycia.
470 1518 587 1562 Pomp.
615 1518 707 1551 Mela
734 1522 765 1559 l,
794 1519 834 1552 15
864 1517 912 1552 de

102 1561 231 1606 Lycia:
274 1567 312 1596 ut
354 1564 465 1597 multa
504 1565 653 1608 oppida,
694 1566 740 1598 sic
768 1569 912 1609 praeter

103 1608 273 1641 Pataram
297 1621 366 1642 non
389 1610 552 1643 illustria.
578 1612 672 1644 illam
685 1612 830 1644 nobilem
847 1612 912 1651 fa-

101 1655 148 1687 cit
172 1654 349 1688 delubrum
376 1657 565 1700 Apollinis,
598 1659 770 1702 quondam
795 1657 912 1700 opibus

102 1706 135 1734 et
159 1702 290 1733 oraculi
305 1702 382 1745 fide
408 1704 571 1746 Delphico
595 1705 717 1738 simile.
744 1708 846 1737 notus
870 1712 912 1735 ex

100 1746 251 1780 Pindaro
278 1747 402 1792 Lycius
427 1749 569 1794 Apollo,
604 1762 646 1783 ex·
669 1749 818 1784 Horatio
845 1748 914 1781 Pa-

100 1797 231 1826 tareus.
257 1804 288 1826 v.
314 1795 468 1829 Maronis
491 1796 643 1841 interpp.
669 1808 745 1829 ann.
772 1795 815 1829 ad
829 1798 911 1828 Aen.

100 1837 134 1880 4,
161 1840 240 1880 143,
265 1841 345 1881 346,
372 1842 498 1876 Cellar.
528 1844 558 1876 1.
584 1854 617 1886 p.
656 1844 720 1878 108
747 1849 812 1876 etc.
847 1853 910 1874 nu-

100 1896 176 1918 men
201 1889 348 1929 patrium
381 1888 537 1922 invocari
573 1900 593 1922 a
618 1889 726 1933 Lycio
763 1889 909 1928 Glauco,

102 1937 363 1967 consentaneum
397 1940 462 1968 est.
486 1954 532 1959 —
578 1936 740 1976 πίονι,
773 1935 910 1979 pingui,

101 1978 274 2022 opulento.
308 1990 341 2014 v.
366 1979 481 2014 Melae
518 1982 624 2015 verba
647 1982 844 2026 perscripta
875 1980 911 2013 in

101 2023 346 2067 superioribus,
365 2032 400 2059 et
420 2027 464 2060 cf.
477 2025 556 2063 437.
577 2047 618 2052 -
645 2027 714 2063 ἐνι
746 2028 910 2083 Τροίῃ,

102 2069 254 2112 OErojae,
286 2072 320 2104 in
354 2083 445 2106 arce.
477 2074 516 2115 ε’,
557 2073 660 2109 445:
691 2075 837 2109 Αἰνείαν
870 2069 909 2106 δ’

102 2115 317 2170 ἀπάτερθεν
341 2115 472 2161 ὁμίλου
491 2121 608 2164 θῆκεν
629 2118 809 2156 Ἀπόλλων
822 2122 913 2163 Περ-

102 2160 207 2207 γάμῳ
236 2163 290 2197 εἰν
315 2163 414 2209 ἱερῇ,
441 2162 508 2201 ὅθι
533 2167 568 2201 οἱ
599 2167 690 2211 νηός
722 2165 759 2211 γ’
794 2164 914 2200 ἐτέτυ-

102 2220 180 2243 κτο.
208 2216 244 2243 et
267 2209 351 2244 ibid.
362 2213 465 2246 512:
495 2211 609 2252 αὐτός
634 2212 671 2248 δ’
696 2213 913 2271 (Apollinem

97 2254 216 2312 dicit)
240 2257 389 2292 Αἰνείαν
409 2257 509 2301 μάλα
532 2261 665 2300 πίονος
689 2258 725 2302 ἐξ
758 2257 913 2294 ἀδύτοιο

97 2296 197 2336 Ηκε.
226 2303 404 2338 colebatur
428 2305 476 2338 ibi
509 2307 592 2340 deus
618 2319 682 2340 una
708 2317 781 2339 cum
806 2310 914 2339 matre

105 2352 142 2381 et
171 2358 310 2389 sorore,
345 2357 384 2385 ut
408 2363 451 2384 ex
485 2353 646 2406 ejusdem·
672 2352 749 2385 libri
774 2351 852 2386 447.
878 2357 914 2383 et

103 2393 184 2428 448.
210 2394 429 2439 intelligitur.
455 2399 568 2432 urbem
594 2398 682 2432 enim
708 2398 821 2442 potius
845 2395 912 2429 dici

102 2445 218 2494 putem
247 2452 347 2484 quam
372 2448 517 2488 terram,
551 2444 745 2486 Troadem,
769 2451 914 2488 propter

104 2486 264 2520 viciniam
289 2488 377 2529 loci,
415 2491 693 2533 quemadmodum
731 2495 766 2522 et
797 2489 914 2523 verbis

103 2533 244 2575 Λυκίης
271 2535 366 2568 πίων
392 2536 508 2589 δῇμος
539 2536 727 2579 significari
753 2547 785 2568 νι
776 2536 914 2569 ἷι1οι11ιιι·

105 2578 278 2614 Pataraei.
303 2580 430 2625 alioqui
463 2588 498 2615 et
523 2582 759 2625 Thymbraeus
794 2581 914 2626 Apollo

104 2625 236 2668 intellig
227 2624 250 2657 i
287 2595 424 2671 posse¹t‚
457 2628 512 2662 vel
536 2630 703 2684 Chrysae
736 2628 847 2661 cultus
879 2627 914 2660 in

104 2672 257 2705 Troade.
281 2684 314 2705 ν.
340 2685 419 2708 ann.
444 2674 487 2708 ad
513 2672 558 2714 α’,
582 2675 637 2708 37.
663 2673 724 2706 sed
765 2673 914 2707 vicinum

105 2728 182 2750 esse
209 2718 398 2761 Apollinem
424 2728 459 2754 et
476 2721 606 2763 Trojae
630 2719 774 2760 versari,
800 2726 915 2753 osten-

106 2763 192 2797 dunt
218 2764 318 2807 hujus
344 2765 423 2799 libri
450 2777 569 2800 versus
593 2766 683 2805 677,
715 2766 803 2807 700,
835 2766 916 2800 701.

109 2827 152 2832 —
187 2810 461 2855 ,,πάντοσε,
523 2813 574 2851 εἰς
623 2810 746 2846 πάντα
789 2810 917 2852 τόπον,

107 2866 169 2899 pro
195 2854 402 2900 πάντοθεν,
428 2865 467 2892 ut
489 2857 530 2900 λ’,
551 2859 628 2894 21.ι
659 2857 822 2893 πεύθετο
846 2854 917 2915 γάρ

107 2902 304 2945 Κύπρονδε
335 2904 428 2950 μέγα
469 2903 584 2944 κλέος.
619 2904 664 2940 cs.
695 2902 740 2945 ν’,
776 2906 841 2945 28,
874 2903 917 2946 σ’,

107 2949 219 2985 479A‘
274 2952 322 2984 Εἰ·
351 2952 396 2986 H.
421 2969 465 2977 -
513 2929 918 3006 8ο11.εκηέομε’νῳ.

109 2992 185 3038 (α’,
214 2997 291 3037 196,
318 2997 358 3039 ε’,
383 2998 451 3034 382
476 2997 569 3040 etc.)
605 2994 819 3051 ἀνιωμένῳ,
854 3000 920 3031 λυ-

111 3053 228 3085 πουμι·
221 3056 295 3088 νῳ.
330 3062 375 3068 —-
430 3042 626 3087 (ἱκάνει.
660 3041 707 3085 α’,
750 3043 837 3084 254,
876 3041 918 3087 γ’,

958 1241 1003 1275 97
1036 1244 1101 1272 etc.
1150 1257 1194 1263 -—
1267 1236 1389 1281 αμφὶ
1428 1255 1474 1261 -
1513 1234 1558 1270 ἒλ
1569 1232 1766 1279 η’λαται.

958 1286 1097 1326 tmesis,
1133 1288 1173 1318 ut
1205 1285 1279 1329 Od)
1278 1295 1334 1317 ’55.
1363 1281 1403 1326 ζ’,
1435 1284 1470 1317 9.
1502 1248 1603 1316 ὃο1ιηι
1638 1281 1765 1317 διαπέ-

959 1344 1096 1389 παρται
1118 1355 1143 1372 ,,
1134 1334 1184 1372 ,ut
1208 1330 1341 1364 Latini.
1367 1330 1484 1364 dolore
1504 1329 1676 1372 percutifl
1697 1328 1764 1370 Η.)

960 1376 1134 1423 ὀξείῃς.
1170 1376 1237 1420 (λ’,
1271 1378 1360 1417 268,
1405 1376 1534 1420 odyss·
1576 1373 1619 1416 τ’,
1654 1375 1764 1417 517.)

960 1425 1160 1469 δριμειᾜαις
1185 1425 1370 1467 χαλεπαῖς.
1418 1422 1665 1464 τερσῆναι.
1701 1421 1764 1464 ξη-

957 1471 1155 1513 ρανθῆναι.
1183 1470 1257 1525 (sic
1280 1469 1363 1502 item
1387 1467 1605 1512 τερσήμεναι
1637 1466 1766 1510 Ody.ss

958 1516 1000 1559 ζ’,
1020 1519 1075 1552 98.
1103 1516 1163 1549 sed
1195 1514 1343 1560 τέρσῃνε
1377 1516 1456 1550 529.
1490 1514 1635 1548 activum
1669 1515 1764 1558 est.)

957 1561 1187 1609 βαρύθει.
1264 1560 1479 1608 βαρύνεται.
1528 1562 1576 1605 (‚,
1582 1560 1660 1594 hinc
1697 1561 1765 1604 βα-

959 1610 1116 1652 ρύθεσκε
1157 1608 1259 1666 apud
1293 1608 1405 1652 Apoll.
1451 1608 1565 1642 Rhod.
1599 1609 1630 1648 1,
1671 1605 1727 1641 43
1739 1609 1765 1626 “

957 1657 1089 1690 EscH.
1112 1673 1158 1680 —
1217 1653 1322 1696 ,ὑπ
1349 1653 1518 1689 αὐτοῦ.
1563 1651 1635 1697 υφ’
1669 1653 1764 1689 ελκε·

984 1716 1011 1742 ς.
1040 1703 1119 1737 ‘K.
1144 1720 1189 1726 —
1238 1704 1384 1745 σχεῖν,
1410 1700 1514 1744 ἔχειν,
1536 1705 1662 1741 tenere,
1688 1710 1766 1735 sus-

958 1716 1081 1783 toinere.

959 1794 1010 1840 φ’,
1037 1794 1116 1831 341.
1142 1813 1184 1818 —
1235 1793 1454 1836 ὤριστος.
1479 1791 1521 1834 λ’,
1546 1794 1626 1829 288.

1005 1843 1084 1876 522.
1109 1840 1381 1874 commemoravit
1404 1840 1520 1874 Schol.
1546 1841 1574 1873 A
1614 1843 1764 1873 veterem
1830 1872 1833 1880 ,

954 1890 1043 1923 hanc
1066 1888 1288 1943 scripturam.
1315 1883 1335 1921 6
1361 1884 1402 1921 δ’
1431 1884 1517 1921 ουδ’
1551 1880 1596 1920 οὗ
1629 1882 1766 1925 παιδὸς
1830 1893 1833 1922 i

956 1934 1099 1978 ἀμύνει.
1137 1930 1159 1977 ἢ
1190 1934 1323 1988 διπλῆ,
1357 1932 1492 1990 inquit,
1525 1930 1584 1968 ὅτι
1615 1930 1767 1968 ἐλλείπει
1829 1938 1832 1956 ³

956 1979 978 2026 ἡ
999 1981 1093 2022 περί.
1107 1978 1181 2014 ε’στι
1203 1993 1283 2024 γαρ,
1302 1977 1391 2015 οὐδε
1414 1978 1497 2022 περὶ
1517 1979 1587 2014 τοῦ
1611 1973 1656 2013 οὗ
1679 1991 1766 2013 παι·
1830 1987 1831 2009 1

957 2026 1024 2068 δὸς
1049 2025 1111 2069 ἅμ.
1161 2026 1198 2060 οὶ
1224 2025 1264 2061 δὲ
1290 2023 1537 2082 αγνοὴσαντες
1559 2024 1768 2069 γραφουσιν
1829 2025 1831 2049 1

958 2071 977 2110 6
1004 2070 1042 2109 6’
1069 2086 1088 2108 ο
1107 2069 1174 2107 ἅδ’
1203 2087 1232 2119 ῳ
1258 2072 1391 2107 παιδι
1417 2069 1488 2114 οἶμ.
1523 2083 1612 2116 quae
1638 2071 1767 2116 repetit
1828 2098 1829 2103 ,

958 2122 1003 2155 ad
1032 2117 1074 2161 σ’,
1101 2121 1200 2159 171,
1208 2109 1284 2153 ubi
1304 2118 1558 2153 Aristarcheam
1575 2117 1768 2152 correctio-

959 2179 1035 2201 nem
1070 2164 1287 2205 Πατρόκλου
1320 2163 1512 2208 ἐπάμυνον
1550 2165 1616 2198 hoc
1650 2175 1766 2197 exem-
1828 2180 1830 2182 ·

959 2214 1016 2258 plo
1043 2211 1207 2245 defendit.
1230 2212 1281 2245 ita
1305 2211 1349 2251 ν’,
1369 2212 1446 2246 109.
1473 2209 1561 2245 dixit
1585 2207 1769 2254 ἀμυνέμεν
1827 2219 1830 2230 ³

960 2259 1028 2295 οὐκ
1061 2258 1231 2293 ἐθέλουσι
1258 2259 1374 2301 Νηῶν
1400 2255 1615 2298 ωκυπόρων.
1664 2257 1709 2290 cf.
1731 2255 1766 2299 ι’,

959 2308 1040 2348 527,
1066 2305 1115 2347 μ,
1141 2305 1228 2345 155,
1253 2304 1343 2338 infra
1367 2306 1446 2339 561.
1485 2301 1560 2337 απὸ
1595 2304 1650 2347 adj
1655 2306 1769 2336 ectum
1827 2318 1829 2349 ς

960 2357 1013 2386 est
1031 2332 1112 2393 80.,
1138 2351 1219 2391 περὶ
1245 2350 1289 2392 ρ’,
1316 2351 1390 2385 182.
1418 2355 1452 2383 et
1476 2348 1573 2383 alias.
1605 2361 1637 2381 v,
1664 2349 1709 2382 H.
1733 2353 1770 2381 et
1826 2368 1829 2392 5

1128 2399 1160 2438 §-
1186 2398 1275 2451 331,
1302 2408 1333 2430 ο.
1370 2395 1516 2439 Bentlej.
1550 2395 1707 2429 tentabat
1739 2389 1768 2438 ᾧ
1826 2398 1828 2429 Ξ

960 2442 1068 2479 παῖδ’
1102 2442 1298 2486 ἐπαμύνει,
1339 2449 1378 2476 ut
1401 2443 1481 2477 540.
1513 2441 1656 2475 ferenda
1692 2450 1768 2474 esse
1826 2438 1828 2442 '

960 2401 995 2434 Μ
1000 2404 1049 2432 att
1054 2400 1086 2431 11.

961 2497 1043 2536 puto
1069 2490 1233 2533 vulgata,
1267 2488 1422 2533 qnoniam
1448 2487 1564 2541 plena
1579 2493 1658 2521 sunt
1692 2485 1767 2520 hia-
1826 2502 1827 2507 =

961 2543 1056 2571 tuum
1095 2535 1234 2569 Homeri
1280 2534 1432 2578 scripta,
1472 2532 1696 2577 suspicorque
1728 2531 1765 2565 id
1825 2536 1828 2556 ἲ

962 2582 1152 2627 ignorantis
1178 2580 1292 2614 nescio
1319 2581 1416 2624 cujus
1448 2578 1661 2625 grammatici
1694 2588 1770 2611 esse
1825 2586 1827 2611 ῑ

961 2630 1024 2663 hoc
1050 2634 1282 2662 commentum.

1010 2675 1132 2710 523-
1144 2675 1224 2709 525.
1250 2669 1306 2707 σύ
1330 2683 1436 2714 περ,
1468 2675 1508 2704 tu
1541 2670 1692 2714 quidem,
1714 2668 1770 2702 vel
1824 2648 1827 2686 s

962 2727 1002 2756 tu
1026 2722 1159 2754 saltem.
1184 2738 1230 2744 -—
1254 2719 1544 2760 ,,κοιμησον,
1569 2717 1661 2759 sopi,
1686 2714 1768 2748 leni.

961 2781 1011 2811 μ,
1036 2769 1115 2801 281.
1127 2766 1219 2820 “Κ.
1243 2784 1288 2789 -
1335 2764 1436 2797 8011·
1462 2761 1769 2815 κεκλόμενος.
1824 2801 1826 2804 7

964 2810 1043 2856 (θ’,
1068 2812 1148 2854 346,
1175 2809 1217 2852 ο’,
1255 2811 1324 2846 353
1349 2815 1413 2843 etc
1426 2811 1440 2853 )
1476 2804 1770 2852 παρακελευόμε-
1823 2851 1825 2853 ¹

963 2871 1038 2900 νος.
1071 2878 1117 2883 -
1140 2856 1275 2892 νέκυι
1299 2868 1395 2889 κατ
1418 2868 1451 2889 v.
1471 2856 1550 2891 565.

1011 2906 1091 2940 527.
1116 2902 1162 2945 α’,
1186 2901 1244 2944 43,
1268 2902 1348 2942 457,
1374 2899 1412 2941 ε’,
1440 2903 1518 2938 106
1546 2901 1609 2937 121
1631 2904 1696 2936 etc.
1721 2901 1773 2936 sic
1822 2907 1826 2926 ¹

965 2951 1146 2985 vulnerato
1179 2951 1314 2983 Aeneae
1348 2947 1535 2982 medicatur
1566 2946 1682 2980 Venus
1717 2959 1773 2993 ap.
1821 2948 1826 2971 ί

965 2998 1062 3042 Virg.
1087 3000 1171 3031 Aen.
1198 2997 1254 3036 12,
1275 2993 1375 3037 416,
1407 3000 1446 3028 ut
1472 2991 1595 3027 Eichh.
1631 2999 1773 3027 annota-
1821 2997 1823 3037 j

967 3043 1030 3077 vit.

1137 1751 1354 1791 κατασχεῖν,
1381 1749 1554 1787 cohibere,
1581 1751 1680 1780 sonat
1697 1757 1764 1780 vox
1829 1781 1832 1790 .
