1847 3277
623 183 1061 224 ΙΛΙΑΔΟΣ
1123 185 1178 224 Π.

1652 188 1739 227 313

297 291 434 326 dubitat
473 292 628 338 Jupiter,
673 298 784 328 utrum
826 293 939 328 vivum
975 293 1088 339 eripat
1124 293 1228 327 filium
1258 293 1514 340 Sarpedonem,
1549 307 1592 331 an
1626 295 1740 331 occidi

215 337 316 372 sinat.

244 406 348 456 τοὺς
378 406 424 449 δὲ
454 405 564 449 ἰδών
594 405 740 462 ἐλέησε
772 406 954 461 Κρόνου
983 406 1087 457 πάϊς
1117 405 1453 464 ἀγκυλομήτεω,

235 462 380 518 ’Ἠρην
409 462 455 506 δὲ
485 462 713 515 προσέειπε
743 464 1008 520 κασιγνήτην
1038 462 1200 518 ἄλοχόν
1230 480 1296 507 τε·

324 520 408 569 ,,’Ώ
437 536 512 572 μοι
542 519 677 574 ἐγών,
709 520 779 564 ὅτε
807 538 884 575 μοι
917 523 1214 576 Σαρπηδόνα,
1246 523 1459 576 φίλτατον
1488 521 1683 579 ἀνδρῶν,

248 575 376 632 μοῖρ’
407 574 494 619 ὑπὸ
532 576 810 631 Πατρόκλοιο
841 577 1145 621 ΝΙενοιτιάδαο
1179 580 1392 634 δαμῆναι]

134 635 215 678 435
247 633 377 689 διχθά
409 635 454 676 δέ
486 650 560 687 μοι
591 637 746 690 κραδίη
777 633 956 689 μέμονε,
1003 635 1160 688 φρεσὶν
1191 635 1471 690 ὁρμαίνοντι,

244 689 273 744 ἤ
303 708 378 745 μιν
410 691 521 742 ζωὸν
550 690 678 734 ἐόντα
708 690 846 746 μάχης
876 690 961 734 ἄπο
999 691 1300 747 δακρυοέσσης

245 750 353 790 θείω
385 746 639 801 ἀναρπάξας
668 751 835 802 Λυκίης
863 747 911 790 ἐν
941 750 1063 791 πίονι
1095 748 1242 804 δήμῳ,

247 803 276 860 ἢ
307 805 387 861 ἤδη
417 803 504 848 ὑπὸ
534 805 653 860 χερσὶ
679 806 980 848 Μενοιτιάδαο
1014 805 1271 860 δαμάσσω.“

297 884 352 917 cui
377 885 564 929 persuadet
586 886 696 925 June,
730 892 767 918 ut
802 885 864 919 fati
889 887 1126 919 necessitatem
1158 890 1380 928 revereatur,
1415 886 1569 930 satisque
1602 889 1740 933 habeat,

215 929 341 964 Mortis
365 937 401 964 et
424 932 539 965 Somni
564 932 720 965 manibus
744 931 778 964 in
805 931 948 976 patriam
975 932 1145 976 reportari
1170 943 1295 976 corpus
1319 932 1541 977 Sarpedonis.

331 999 420 1042 Τόν
450 999 493 1043 δ’
524 998 714 1055 ἠμείβετ’
745 999 890 1042 ἔπειτα
920 1003 1087 1055 βοῶπις
1117 999 1277 1042 πότνια
1297 999 1434 1056 ’Ἡρη

134 1055 218 1099 440
247 1056 488 1106 ,,αἰνότατε
532 1058 727 1112 Κρονίδη
746 1091 754 1104 ,
789 1061 921 1099 ποῖον
949 1055 1027 1098 τὸν
1056 1059 1206 1110 μῦθον
1236 1056 1396 1107 ἔειπες]

249 1111 392 1164 ἄνδρα
421 1113 589 1168 θνητὸν
611 1112 763 1166 ἐόντα,
796 1113 931 1155 πάλαι
960 1114 1247 1166 πεπρωμένον
1279 1115 1405 1170 αἴσῃ,

244 1167 306 1220 ἂψ
333 1168 496 1222 ἐθέλεις
526 1168 742 1214 θανάτοιο
771 1169 978 1225 δυσηχέος
1008 1169 1293 1221 ἐξα·ναλῦσαι;

121 1280 202 1319 431.
225 1280 385 1328 ἐλέησε
410 1296 473 1329 per
496 1297 533 1320 se
547 1284 803 1330 intelligendum
820 1292 884 1329 est,

75 1331 114 1361 ut
139 1329 200 1375 Sp.
225 1341 281 1374 ap.
302 1331 333 1364 K
360 1332 613 1367 animadvertit.
645 1334 695 1365 sic
720 1329 761 1375 ζ’,
786 1333 883 1368 484.;

75 1371 184 1416 πόσις
215 1376 256 1412 δ’
291 1375 469 1422 ἐλέησε,
511 1380 566 1412 vir
606 1380 778 1412 miseritus
820 1385 882 1420 est,

75 1428 115 1454 ut
140 1423 320 1458 Phaedrus
357 1426 403 1466 3,
427 1427 470 1467 2,
496 1425 549 1459 4.:
587 1427 729 1470 quidam
764 1432 883 1459 contra

73 1469 219 1503 miseriti
241 1490 288 1495 —
319 1471 444 1505 Misere
465 1483 603 1515 panem.
660 1472 705 1505 cs.
730 1471 774 1517 ρ’,
802 1473 883 1514 441,

72 1512 116 1555 τ’,
140 1514 221 1557 340,
249 1516 302 1559 ω’,
327 1519 407 1552 301.

118 1561 197 1598 432.
222 1564 264 1597 ab
291 1565 355 1598 hoc
379 1574 480 1596 versu
516 1563 750 1599 recitationem
787 1577 881 1599 suam

72 1605 109 1640 in
150 1609 278 1652 nuptiis
323 1609 509 1643 Ptolemaei
554 1610 766 1656 Philadelphi
808 1624 882 1645 cum

71 1663 191 1687 sorore
200 1656 346 1689 Arsinoe
360 1667 501 1688 exorsus
518 1667 593 1689 esse
611 1658 739 1691 dieitur
758 1659 881 1702 rhaps-

70 1699 157 1733 odus
191 1713 247 1746 ap.
283 1702 372 1735 Plut.
408 1702 555 1742 Quaest.
590 1715 688 1737 conv,
712 1707 761 1746 9⁷,
788 1706 882 1749 prin-

71 1746 183 1791 cipio,
218 1747 284 1781 nisi
320 1748 409 1793 quod
442 1748 530 1782 dixit
565 1749 657 1790 Ζεύς
688 1749 730 1785 δ’
761 1747 884 1796 ”Ηρην

71 1790 239 1828 ἐκάλεσσε
281 1794 505 1838 κασιγνήτην
549 1793 598 1836 τ’,
653 1793 790 1840 ἄλοχόν
833 1811 883 1833 τε.

75 1851 152 1873 ann.
180 1841 224 1873 H.
251 1842 384 1886 ‚,Virg.
415 1844 500 1874 Aen.
528 1846 567 1882 1,
602 1845 681 1878 50.:
719 1846 813 1877 Jovis
838 1865 881 1870 —

79 1887 124 1919 Et
148 1898 242 1919 soror
275 1894 309 1921 et
343 1889 508 1930 conjux.“
547 1888 597 1921 Cl.
657 1896 762 1924 totam
796 1893 883 1925 hanc

75 1933 173 1966 Jovis
206 1945 281 1967 cum
311 1934 445 1967 Junone
472 1935 780 1970 confabulationem
806 1949 883 1971 sus-

74 1979 155 2012 tulit
181 1979 399 2022 Zenodotus‚
420 1982 584 2013 incertum
610 1994 677 2025 qna
702 1983 744 2016 de
769 1995 884 2017 causa,

73 2036 173 2069 quem
199 2030 310 2059 tamen
336 2038 411 2060 cum
437 2026 583 2070 castiget
609 2029 723 2062 Schol.
742 2032 780 2070 A,
805 2036 883 2063 tau-

71 2081 170 2115 quam
196 2084 284 2114 eum,
308 2074 367 2118 qui
393 2085 458 2107 non
485 2072 624 2114 viderit,
649 2075 752 2109 multa
777 2088 884 2121 prae-

72 2117 215 2152 termitti
248 2130 268 2152 a
300 2122 402 2163 poeta
433 2118 548 2153 studio
582 2120 783 2164 brevitatis,
820 2135 883 2156 nec

75 2165 303 2207 quaerendum
330 2177 427 2207 esse,
462 2177 529 2210 quo
556 2171 656 2209 pacto
681 2179 769 2202 nunc
794 2169 884 2203 adsit

74 2209 108 2242 in
133 2210 195 2244 Ida
218 2211 329 2255 Juno,
363 2224 452 2258 quae
478 2212 578 2257 paulo
603 2218 704 2253 ante,
738 2213 781 2255 0¹,
816 2217 885 2257 79„

77 2255 120 2288 ad
146 2258 326 2302 Olympum
351 2258 475 2300 rediit,
500 2259 669 2302 suspicari
693 2260 788 2304 licet,
815 2269 883 2296 tam

75 2302 232 2336 futilibus
256 2305 356 2338 istum
382 2305 569 2339 rationibus
595 2306 777 2341 adductum
798 2309 884 2342 haec

75 2353 225 2384 notasse.
259 2351 475 2385 nihilomiuus
506 2353 646 2385 eandem
681 2356 883 2389 cantilenam

73 2403 198 2430 canunt
241 2398 400 2441 Payneus
451 2398 659 2444 Knightius,
704 2401 882 2446 Heyneus,

75 2441 223 2487 aliique3
262 2449 510 2489 praetereaque
554 2448 745 2489 pugnantia
777 2460 883 2492 quae-

75 2487 150 2522 dam
177 2496 235 2523 ant
259 2489 365 2523 minus
389 2491 607 2533 verisimilia,
643 2503 732 2535 quae
765 2494 884 2528 insunt

73 2532 109 2567 in
145 2535 209 2568 hoc
243 2536 411 2579 carmine,
451 2538 594 2571 ferenda
635 2549 710 2572 esse
741 2546 883 2585 negant,

73 2579 286 2615 immemores
311 2582 358 2616 illi
392 2583 485 2617 vocis
512 2584 747 2626 Horatianae,
783 2599 884 2630 opere

76 2627 112 2659 in
136 2629 238 2672 longo
257 2631 318 2671 sas
343 2641 413 2663 esse
429 2631 590 2672 obrepere
615 2643 778 2664 somnum.
798 2634 883 2667 haec

75 2672 208 2717 quidem
233 2675 262 2708 si
288 2675 364 2719 quis
390 2676 577 2717 confodiat,
603 2676 704 2710 etiam
729 2677 774 2720 ρ’,
789 2680 884 2720 545,

77 2729 146 2762 quo
179 2719 252 2754 loco
283 2721 477 2755 Minervam
511 2723 545 2755 in
581 2724 745 2767 proelium
781 2725 886 2760 mittit

75 2765 233 2809 Jupiter,
258 2779 346 2812 quae
370 2768 487 2802 itidem
513 2769 548 2802 in
574 2770 721 2815 Olympo
746 2771 815 2804 fuit
840 2771 885 2814 ο’,

78 2813 176 2853 124.,
209 2817 244 2846 et
268 2811 312 2857 σ’,
349 2815 448 2855 356.,
484 2815 543 2847 ubi
575 2816 686 2850 denuo
721 2817 886 2852 Junonem

77 2858 278 2902 compellat,
316 2861 545 2895 confodienda
579 2873 654 2895 esse
684 2875 765 2896 vere
801 2864 887 2898 dicit

75 2902 138 2948 Sp.
171 2915 225 2948 ap.
249 2906 294 2938 K.
328 2907 423 2950 quod
454 2913 567 2941 autem
604 2910 782 2943 maximum
815 2921 887 2944 mo-

76 2955 223 2983 mentum
255 2951 378 2994 habet,
412 2953 588 2998 quisnam,
632 2966 783 2999 quaeso,
816 2963 886 2990 tam

78 2995 213 3030 ferreus
236 3000 371 3043 tamque
396 3011 522 3034 cornea
545 3000 633 3034 fibra
658 3007 724 3041 est,
748 3009 787 3035 ut
811 3003 886 3047 pul-

77 3042 284 3077 cherrimum
332 3044 415 3079 illud
459 3044 661 3092 φάντασμα
696 3047 820 3082 Mortis
851 3052 888 3083 et

930 1282 1046 1316 Somni
1072 1282 1411 1328 consanguineorum,
1426 1284 1640 1330 Sarpedonis
1665 1297 1746 1319 cor-

931 1340 994 1373 pus
1027 1330 1257 1363 auferentium
1288 1331 1324 1363 in
1351 1330 1522 1374 patriam,
1555 1331 1747 1366 insimulari

931 1375 1075 1420 tollique
1099 1376 1278 1420 patiatur?
1303 1387 1385 1410 sane
1408 1376 1530 1410 similia
1555 1378 1640 1412 haec
1665 1382 1747 1412 sunt

929 1422 1023 1462 illis,
1065 1435 1155 1466 quae
1189 1425 1232 1456 de
1275 1423 1427 1456 Hectore
1475 1431 1659 1458 narrantur
1700 1423 1746 1469 χ’,

931 1469 1028 1508 166.;
1055 1475 1090 1500 at
1115 1475 1226 1502 scatet
1248 1469 1415 1502 similibus
1440 1469 1563 1511 Hom,
1595 1476 1747 1516 suntque

930 1515 1016 1549 haec
1051 1514 1119 1547 illis
1152 1515 1252 1558 longe
1285 1515 1484 1556 ornatiora,
1519 1523 1555 1549 et
1592 1517 1747 1561 pondere

929 1561 1174 1594 sententiarum
1202 1573 1276 1595 cum
1312 1562 1472 1595 comitate
1509 1564 1630 1598 uxoria
1663 1575 1747 1598 con-

926 1607 1046 1650 juncto
1070 1608 1253 1650 legentium
1280 1607 1407 1641 animos
1436 1608 1620 1642 deleniunt.

977 1651 1057 1687 433.
1083 1654 1166 1686 flere
1191 1666 1232 1687 ac
1265 1654 1443 1687 lamentari
1479 1655 1570 1688 viros
1602 1667 1744 1700 graves,

932 1700 1075 1740 heroas,
1109 1700 1192 1733 deos
1217 1701 1363 1744 denique
1389 1707 1424 1734 et
1457 1701 1610 1744 inprimis
1636 1703 1745 1736 maxi-

931 1757 1017 1778 mum
1042 1757 1169 1787 eorum,
1196 1747 1327 1787 Jovecn,
1352 1752 1450 1781 vetat
1476 1748 1576 1781 Plato
1602 1749 1644 1782 de
1656 1749 1746 1794 Rep.

932 1793 965 1826 3.
995 1803 1027 1835 p.
1052 1794 1152 1832 3384
1201 1800 1318 1826 vetant
1353 1799 1408 1834 et,
1451 1793 1541 1827 illius
1577 1795 1745 1840 exemplo,

933 1838 1104 1871 Maximus
1132 1840 1219 1883 Tyr.
1244 1841 1325 1872 diss.
1355 1843 1409 1873 11.
1436 1846 1471 1873 et
1496 1844 1565 1882 24„
1590 1843 1747 1875 Athena-

930 1895 1035 1927 goras
1063 1887 1116 1924 17,
1141 1886 1194 1927 3.,
1219 1885 1373 1919 Justinus
1400 1886 1546 1920 Cohort.
1570 1889 1628 1928 2.,
1663 1889 1747 1921 Cle-

930 1942 1023 1963 mens
1060 1931 1153 1965 Alex.
1188 1932 1328 1965 Cohort.
1361 1944 1395 1976 p.
1429 1934 1485 1967 49.
1525 1945 1611 1977 quos
1649 1945 1746 1968 nemo

930 1988 996 2010 non
1020 1977 1166 2010 miretur
1202 1981 1348 2022 poeseos
1379 1978 1504 2011 lumina
1539 1979 1748 2023 extinguen-

930 2028 982 2056 tes
1007 2029 1043 2056 et
1063 2024 1156 2057 velut
1181 2024 1354 2058 dimidiam
1381 2025 1548 2059 hominum
1562 2027 1668 2060 vitam
1692 2027 1749 2060 fu-

930 2079 1010 2102 rore
1038 2070 1272 2115 philosophico
1298 2071 1472 2104 tollentes.
1498 2092 1543 2096 —
1600 2070 1628 2107 ω”
1663 2085 1749 2116 μοι

932 2113 1040 2159 ἐγώ,
1068 2125 1103 2150 ut
1129 2116 1170 2157 λ’,
1197 2120 1284 2160 404,
1310 2115 1354 2161 ρ’,
1382 2119 1425 2154 91
1456 2123 1524 2151 etc.

978 2162 1188 2198 435—433.
1214 2165 1318 2198 sch*
1341 2163 1529 2207 μέμονε.
1564 2164 1613 2207 (a
1636 2163 1749 2209 μένω,

930 2207 1024 2250 μάω.
1073 2221 1106 2242 v.
1132 2211 1238 2244 Schn.
1264 2223 1296 2244 v.
1320 2212 1440 2254 με’νω,
1466 2213 1523 2252 2.,
1549 2222 1625 2244 ann.
1654 2213 1697 2246 ad
1709 2210 1750 2256 ε’,

930 2254 999 2289 432
1018 2256 1113 2298 etc.)
1139 2258 1416 2292 διανοεῖται.-
1444 2258 1618 2301 φρεσὶν
1645 2256 1747 2304 ὁρμ.

930 2298 974 2341 κ’,
999 2309 1032 2341 4,
1059 2301 1104 2342 α’,
1133 2305 1198 2339 193
1224 2311 1290 2337 etc.
1316 2324 1361 2328 ——
1416 2305 1569 2349 μάχης
1605 2305 1749 2350 δακρ,

930 2353 968 2380 ut
991 2346 1031 2389 ζ’,
1056 2348 1135 2384 455.
1161 2352 1206 2385 cf.
1233 2349 1278 2391 ν’,
1303 2352 1382 2390 765,
1408 2362 1514 2396 supra
1542 2354 1585 2386 lo
1610 2357 1676 2385 etc.
1704 2372 1749 2379 —-

928 2396 1077 2429 πίονι.
1103 2398 1184 2439 514,
1210 2400 1290 2437 673,
1317 2400 1398 2438 683,
1429 2402 1474 2439 υ,
1499 2399 1589 2440 385,
1617 2398 1750 2443 Odyss.

929 2439 973 2482 ν’,
999 2443 1068 2477 322
1094 2452 1160 2476 etc.
1209 2445 1254 2478 cf.
1278 2442 1324 2490 β’,
1343 2444 1480 2480 549.-
1529 2445 1747 2488 „dotacio-

929 2498 1001 2521 σω.
1028 2489 1204 2532 δαμάσω,
1239 2492 1272 2524 h.
1299 2503 1328 2524 e.
1353 2491 1451 2526 εὀἱσω
1489 2491 1654 2536 δαμῆναι
1679 2489 1750 2527 av’-

930 2535 1007 2568 τόν.
1057 2536 1100 2568 cf.
1131 2538 1210 2578 451,
1235 2538 1349 2572 452.“
1376 2538 1419 2570 K.

976 2582 1066 2623 439,
1092 2581 1172 2616 440.
1208 2582 1256 2625 α’,
1280 2586 1373 2626 551,
1410 2582 1456 2625 δ’,
1488 2585 1557 2626 25,
1594 2583 1647 2625 θ’,
1678 2583 1748 2620 462

930 2633 996 2662 etc.
1023 2634 1114 2662 totus
1138 2629 1194 2663 hic
1213 2630 1309 2664 locus
1333 2631 1564 2665 conferendus
1593 2637 1647 2666 est
1671 2644 1747 2666 cum

929 2674 972 2718 χ’,
998 2675 1209 2709 177-182.
1478 2713 1482 2715 Δ

975 2720 1185 2756 441—443.
1212 2721 1367 2758 πάλαι
1391 2738 1430 2758 π.
1456 2725 1581 2770 αἴσῃ.
1617 2724 1747 2759 dudum

932 2769 1004 2811 (ex
1030 2779 1096 2812 quo
1123 2774 1223 2803 natus
1249 2770 1344 2814 fuit)
1364 2773 1465 2813 fato,
1499 2773 1534 2804 h.
1567 2783 1597 2804 e.
1634 2772 1746 2814 morti,

933 2815 1168 2857 destinatum,
1193 2817 1380 2851 mortalem.
1437 2818 1482 2851 cf.
1516 2816 1560 2862 χ’,
1598 2819 1676 2852 179.
1700 2837 1746 2842 -

932 2857 1019 2904 ἄψ,
1057 2863 1201 2904 iterum,
1236 2867 1274 2895 ut
1309 2861 1347 2905 ε’,
1378 2865 1460 2919 5562.
1497 2883 1541 2888 ——
1602 2865 1746 2909 δυση-

932 2907 1047 2951 χέος.
1089 2910 1158 2944 τοῦ
1208 2908 1324 2944 κακὸν
1368 2923 1458 2953 ηχον
1505 2909 1747 2955 ἐπιφέροντος

932 2953 1107 2991 θανάτου
1139 2953 1203 2991 διοὶ
1243 2954 1312 2997 τοὶς
1352 2955 1548 3000 γινομένας
1582 2958 1748 3003 οἰμωγάς

934 3003 1183 3047 δυσθρήνους.
1208 3001 1264 3037 Ex
1299 3007 1366 3046 Ap.
1414 3003 1572 3038 similiter
1594 3005 1746 3051 Hesych.

935 3055 970 3084 et
1005 3049 1119 3095 Etym.
1152 3051 1197 3085 cs.
1231 3047 1278 3096 β’,
1304 3051 1395 3093 686,
1432 3047 1479 3095 η’,
1515 3052 1584 3088 376
1608 3057 1676 3088 etc.
1701 3073 1746 3078 —
