1847 3277
258 303 313 347 50
343 304 432 344 τῶν
466 301 512 344 δὲ
541 301 615 345 καὶ
646 299 871 357 ἀργύφεον
899 301 1035 355 πλῆτο
1067 301 1205 353 σπέος.

342 357 504 414 στήθεα
532 358 825 414 πεπλήγοντο·
858 356 980 407 Θέτις
1009 356 1050 401 δ’
1081 358 1226 415 ἐξῆρχε
1255 357 1404 415 γόοιο·

738 445 900 480 Thetidis
923 446 1130 481 lamentatio.

418 556 444 575 ‚,
462 527 620 574 Κλῦτε,
652 524 907 593 κασίγνηται
930 526 1169 579 Νηρηΐδες,
1201 523 1306 580 ὄφρ’
1338 519 1387 568 εὖ
1416 527 1553 567 πᾶσαι

341 579 467 623 εἰδετ’
501 579 762 630 ἀκούουσαι,
794 578 864 622 ὅσ’
897 580 982 639 ἐμῷ
1018 581 1082 624 ἔνι
1110 580 1242 636 κήδεα
1271 585 1416 639 θυμῷ.

339 636 374 679 ὠ
404 653 478 690 μοι
509 635 590 704 ἐγώ
622 636 760 690 δειλη,
793 634 828 678 ὦ
857 653 932 689 μοι
945 626 1370 705 δυσαριστοτόκεια’

256 696 308 737 55
340 692 409 746 ἤτ’
442 693 531 734 ἐπεὶ
562 690 615 760 ἂρ
645 693 770 734 τέκον
801 691 903 735 υἱὸν
933 691 1136 748 ἀμύμονά
1160 710 1228 744 τε,
1260 691 1475 747 κρατερόν
1504 707 1560 743 τε,

343 750 488 804 ἔξοχον
519 745 696 802 ἡρώων,
728 746 751 791 ὁ
784 746 824 791 6'
859 747 1143 806 ἀνέδραμεν’
1129 750 1244 804 έρνεῖ
1273 754 1379 801 ἰσος.

169 894 223 938 gis
245 894 356 938 placet
377 894 507 927 notatio
532 895 601 928 τοῦ
625 893 813 950 Πρωτω,
839 894 902 929 διαὶ
928 894 968 931 τὸ

168 953 361 982 πρωτευοτ
397 941 463 974 τοῦ
498 937 637 981 ν’ὁατος
658 955 689 975 κ.
714 938 874 997 ἀρχικόν.
907 953 969 975 uec

168 986 253 1018 male
284 986 393 1019 idem:
435 986 690 1030 Νηαερτής
721 990 783 1022 καὶ
814 985 970 1029 Ἀψευ-

169 1029 258 1074 61)9
299 1032 419 1075 (sciib.
463 1032 572 1077 Νημέ
556 1046 659 1077 ρτης
693 1046 724 1068 κ.
771 1031 969 1089 Ἀψεύδης)

168 1075 334 1133 ὀνόματα
357 1081 568 1113 θαλαττίων
602 1077 812 1122 δαιμόνων,
836 1079 900 1134 6101
925 1077 966 1113 τὸ

168 1124 220 1163 εἰς
255 1121 366 1166 ὅρκον
399 1129 476 1163 τοῖς
507 1124 590 1160 τότε
625 1127 770 1160 πίπτειν
802 1123 875 1182 τὴν
892 1123 966 1160 θοὶ-

166 1172 321 1213 λασσαν,
356 1167 405 1210 ὠς
444 1173 555 1226 ’δηλοῖ
593 1170 634 1206 τὸ
666 1171 794 1215 χειρὶ
831 1171 880 1206 δὲ
916 1172 967 1216 τῇ

167 1215 298 1261 ἑτέρῃ
322 1215 406 1259 μὲν
430 1215 524 1252 ἕλεν
559 1214 643 1251 α’λα
673 1217 966 1262 μαρμαρέην

170 1262 242 1305 (ξ’,
269 1265 355 1303 272,
380 1265 421 1297 27
425 1265 500 1305 3.‚)
528 1262 548 1298 ὅ
573 1263 647 1298 ἐστι
654 1267 967 1311 μαρμαίρουσαν,

167 1314 205 1343 ἐκ
239 1310 307 1343 τοῦ
344 1310 523 1363 μαίριιν,
546 1310 582 1352 ἐξ
624 1311 668 1344 οὑ
703 1311 763 1345 καὶ
807 1313 967 1354 Μαῖρα

170 1355 340 1398 Νηρνις,
366 1355 479 1390 οἱονεὶ
506 1351 525 1397 ἡ
561 1356 729 1412 λαμπροὶ·
762 1370 783 1402 ῃ
812 1356 965 1391 ἀκόλου-

166 1403 238 1440 θος
269 1414 331 1435 και
364 1399 385 1445 ἡ
422 1399 636 1445 Πανόπη,
684 1402 736 1436 ἔτι
767 1401 907 1436 δὲκαὶ
939 1399 967 1456 ἡ

168 1446 427 1488 Γαλάτεια,
465 1448 746 1492 παρηχουμένη,
795 1445 914 1492 ω’σπερ
945 1462 965 1492 η

170 1494 305 1533 Θέτις
328 1495 372 1539 τῇ
395 1494 593 1528 καταθέσει
617 1495 680 1538 τῆς
705 1495 823 1538 ζάλης,
849 1493 967 1533 οὕτως

166 1537 261 1584 αὕτη
296 1541 340 1584 τῇ
374 1539 521 1584 γαλήνῃ.
546 1541 600 1584 (7)
626 1539 720 1584 αὕτη
748 1540 786 1575 δε
811 1541 873 1576 καὶ
903 1539 964 1575 διὰ

164 1585 255 1626 τούς
292 1599 365 1620 των
397 1587 572 1629 κυμάτων
602 1587 893 1630 γαλακτοχρόους
925 1585 965 1622 α’-

166 1630 287 1675 φροὺς
311 1629 407 1667 οὕτω
431 1635 606 1667 καλεῖται.
631 1634 696 1667 hoc
721 1640 829 1674 lecte,
858 1634 964 1687 siqui-

164 1679 240 1712 dem
256 1690 276 1711 a
293 1678 449 1722 genitivo
477 1679 652 1723 γάλατος,
686 1679 839 1722 quamxis
864 1678 966 1712 inusi-

163 1729 257 1765 tato,
290 1724 510 1758 derivandum
531 1731 584 1759 est
613 1725 820 1768 γαλάτειος.
850 1723 966 1769 γαλά-

163 1783 266 1810 τεια,
291 1771 380 1814 quod
399 1782 518 1804 nomen
548 1782 670 1804 vereor
691 1784 733 1804 ne
751 1771 966 1805 scribendum

163 1817 210 1850 sit
237 1821 366 1851 mutato
399 1822 539 1850 accentu
572 1819 775 1857 Γαλατεῖα,
817 1829 891 1850 cum
925 1817 966 1850 fit

163 1862 356 1907 proprium,
407 1863 687 1905 quemadmodum
736 1868 770 1896 et
817 1864 965 1904 Θαλεια,

158 1909 356 1952 Ἆμαθεῖα,
399 1907 577 1952 Νησαιή,
615 1906 767 1952 Ἆκταιή.
817 1917 909 1943 ceter
913 1921 967 1942 um

163 1955 308 1989 coiolem
337 1955 449 1999 potius
477 1954 534 1988 nix
539 1966 613 1987 eum
643 1956 812 1989 Galateae
836 1955 967 1999 signifi-

165 2007 278 2034 catum
290 2007 386 2045 puto.
414 2000 574 2034 Catullus
588 2002 663 2035 55.:
689 2013 768 2034 num
787 2006 821 2034 te
837 2001 967 2034 lacteo-

162 2047 217 2080 lae
237 2051 353 2080 tenent
378 2046 542 2088 puellae?
578 2047 630 2080 De
663 2048 824 2081 Nemerte
844 2047 967 2081 Hesio-

163 2092 275 2125 dusl.
303 2092 324 2125 l.
352 2093 453 2126 262:
497 2093 691 2148 Νημερτής
734 2092 967 2138 (Νημέρτης)

161 2135 221 2179 θ’,
246 2134 270 2181 ἣ
293 2137 430 2181 πατρὸς
453 2136 523 2182 ἔχει
547 2137 636 2174 νόον
666 2139 898 2182 ἀθανάτοιο,
932 2144 967 2174 et

163 2186 207 2218 de
228 2184 343 2217 Nereo
363 2185 462 2219 233³
491 2184 621 2228 Νηρέα
646 2185 682 2222 δ’
711 2184 879 2229 αψευδέα
903 2186 965 2221 καὶ

162 2227 307 2274 αληθέα
336 2232 479 2285 γείνατο
505 2231 671 2274 Πόντος,
708 2231 967 2288 Πρεσβύτατον

161 2277 325 2311 παίδων·
350 2274 469 2331 αὐτὰρ
492 2278 664 2314 καλέουσι
685 2279 858 2324 φέροντα,
889 2276 964 2314 Οὕ-

161 2335 249 2358 νεκα
270 2321 451 2367 νημερτής
481 2337 517 2359 τε
541 2326 603 2360 καὶ
634 2324 745 2371 ἤπιος
770 2332 836 2360 etc.
863 2337 962 2369 quem

162 2375 198 2402 et
218 2369 394 2402 fatidicum
407 2370 582 2404 finxerunt
601 2376 723 2416 poetae
740 2371 962 2413 recentiores,

162 2414 318 2459 inprimis
336 2415 481 2450 Flaccus
510 2418 641 2458 Od.1‚
676 2420 730 2474 15.
747 2438 792 2442 --
821 2418 864 2452 de
883 2419 961 2451 Ori-

162 2460 318 2515 thyiassz
341 2457 535 2519 ’.Ωςνρείθυ
550 2476 598 2498 ια
619 2463 714 2498 κατὰ
736 2462 880 2499 ἔκτασιν
897 2465 962 2508 τῆς

162 2503 344 2563 αρχούσης
375 2504 398 2551 ἡ
427 2508 464 2542 ἐν
492 2506 574 2565 ’ὄρει
596 2523 669 2545 που
697 2509 794 2544 ἔστιν
819 2506 864 2545 οὗ
887 2509 960 2545 θύ-

162 2564 279 2594 ουσα,
318 2550 342 2597 ἢ
367 2552 431 2588 δια
455 2567 501 2588 τα
532 2555 594 2591 καὶ
617 2556 656 2591 ἐν
685 2554 808 2614 ὄρεσιν
829 2555 963 2591 ὕδατα.

161 2598 382 2642 intelligenda
409 2605 520 2634 tamen
546 2602 662 2646 potius
691 2609 743 2636 est
765 2601 786 2646 ἡ
811 2600 962 2639 θύουσα

163 2662 224 2686 seu
249 2651 353 2684 θυίω
358 2657 430 2687 1σα,
469 2645 568 2688 ὄρει,
594 2649 614 2681 h
644 2661 673 2683 e.
693 2650 745 2690 εἰς
771 2648 876 2693 ὅρος,
894 2652 960 2692 fu-

163 2707 242 2732 rens
261 2696 298 2728 in
316 2697 459 2728 umnem
479 2693 616 2735 Nereis,
636 2695 668 2727 li.
689 2707 718 2728 e.
738 2695 861 2729 fluctus
882 2707 960 2740 pro-

165 2740 332 2778 montorio
367 2737 468 2771 ‘Misus
508 2750 570 2784 per
617 2745 862 2794 tempestatem.
899 2741 961 2774 sed

167 2790 253 2823 haec
281 2787 449 2819 hactenus.
478 2796 525 2825 v.,
555 2785 583 2818 si
613 2786 700 2819 tanti
740 2793 809 2828 est,
844 2788 876 2820 H
914 2792 960 2827 et,

167 2844 254 2879 quos
278 2829 435 2870 laudaxit,
461 2831 616 2874 Apollod.
641 2834 672 2873 1,
697 2834 730 2874 2,
755 2834 786 2867 7.
807 2839 843 2866 et
864 2832 959 2876 Virg-

168 2881 288 2921 Georg
318 2876 361 2918 4,
385 2875 456 2910 536.

215 2926 279 2964 50,
306 2923 361 2958 51.
403 2923 482 2954 ῶν
516 2921 577 2957 δέ.
612 2923 686 2957 τῶν
711 2921 770 2967 δή.
801 2942 845 2947 -
881 2919 963 2965 οἷρ-

170 2969 353 3022 γύφεον
396 2965 536 3008 (πέος.
577 2968 629 3001 Ε.
663 2988 707 2994 -
752 2967 795 3004 τὸ
829 2967 962 3004 ὡσανεὶ

174 3013 378 3061 φωσφόρον
400 3013 463 3049 καὶ
494 3012 630 3058 ἀργὸν,
665 3013 789 3050 ὅέστι
821 3015 962 3057 λευκὸν,

847 193 1243 236 ΟΜΗΡΟΥ

1770 0 1801 17 4

1264 303 1309 345 αἱ
1340 300 1384 345 6'
1413 300 1502 358 ἅμα
1531 304 1666 346 πᾶσαι

1015 894 1260 940 φαινόμενον,
1290 897 1409 953 τροπῇ
1431 896 1500 930 τοῦ
1524 907 1544 929 ο
1569 893 1621 933 εἰς
1644 905 1667 927 υ
1701 891 1811 929 Αἰολι-
1828 897 1831 914 ¹

1014 945 1098 984 κῶς,
1123 941 1214 978 ὥστε
1231 940 1319 977 ουδε
1341 944 1474 984 κυρίως
1497 940 1604 980 σπέος
1627 938 1668 974 τὸ
1692 938 1830 974 ’ποιοῦ-ἶ

1014 1001 1098 1029 τον,
1119 991 1212 1033 εἴγε
1235 989 1344 1029 σπέος
1366 989 1504 1044 λέγεται
1523 986 1566 1021 τό
1594 984 1676 1021 οἷον
1711 980 1831 1030 σβέσει

1014 1033 1107 1069 κατὰ
1130 1035 1218 1076 τούς
1240 1034 1423 1074 παλαιους
1443 1033 1506 1069 διὰ
1531 1032 1572 1069 τὸ
1592 1030 1808 1089 ἅφωτιστον.
1826 1043 1842 1087 1⁸

1015 1081 1122 1124 magis
1148 1088 1229 1126 puto
1261 1093 1325 1117 σπε
1316 1081 1368 1122 -ὀς
1406 1081 1531 1115 dictum
1559 1091 1634 1113 esse
1662 1091 1683 1113 a
1702 1076 1830 1121 σπέω,-
1839 1079 1841 1099 ²

1014 1129 1105 1169 σπῶ,
1131 1127 1217 1167 5'7zm,
1240 1128 1287 1161 ita
1298 1134 1335 1162 ut
1348 1127 1487 1181 proprie
1502 1126 1674 1170 significet
1690 1125 1807 1167 locum,
1825 1120 1830 1156 i

1013 1184 1110 1217 quem
1130 1174 1221 1208 circa
1240 1173 1397 1218 occupati
1415 1177 1492 1206 sunt
1511 1171 1673 1213 homines,
1691 1174 1726 1203 et
1745 1181 1807 1214 quo
1824 1181 1829 1222 f

1012 1225 1112 1251 noctu
1149 1231 1186 1253 se
1213 1221 1397 1264 recipiunt.
1440 1220 1577 1252 fuerunt
1605 1223 1717 1250 autem
1751 1227 1829 1271 ve-,g

1012 1264 1216 1298 tustissimae
1235 1265 1461 1299 habitationes
1482 1263 1676 1307 speluncae.
1699 1259 1840 1305 (ἐργό-

1012 1322 1104 1352 φεον
1143 1310 1230 1343 dixit
1258 1322 1398 1363 specum
1423 1310 1538 1349 illum,
1578 1309 1612 1341 h.
1639 1320 1669 1342 e.
1696 1308 1847 1348 albu-u

1012 1367 1072 1388 seu
1103 1356 1337 1400 splendidum,
1372 1356 1461 1389 sicut
1488 1356 1611 1388 Horat.
1647 1354 1810 1398 Cyclada·
1836 1347 1847 1398 ι,

1011 1402 1160 1435 nitentes
1187 1407 1223 1434 et
1254 1403 1454 1446 fulgentes,
1477 1412 1497 1434 a
1525 1399 1664 1444 rupibus
1699 1400 1809 1434 calca-
1837 1414 1847 1440 ι.

1011 1447 1093 1487 riis,
1127 1447 1248 1492 quibus
1282 1448 1441 1482 albicant.
1473 1459 1506 1480 v
1537 1447 1667 1482 Graev.
1696 1451 1731 1480 et
1758 1445 1809 1479 iu-
1838 1449 1847 1486 L}

1011 1497 1124 1537 terpp.
1152 1494 1288 1527 Horatii
1315 1505 1390 1527 ann.
1412 1493 1455 1527 ad
1487 1491 1808 1534 Od.1,14‚195
1836 1497 1847 1534 11

1011 1540 1053 1573 3
1079 1540 1428 1577 28‚14.Pand0rae
1461 1537 1650 1582 ἀργυφέην
1670 1537 1817 1582 ἐσθῆτα
1828 1539 1847 1578 ,ἓξ

1010 1583 1098 1617 dixit
1113 1564 1283 1619 Hesiodus
1303 1586 1438 1629 Theog.
1456 1585 1537 1625 574,
1561 1585 1594 1618 h.
1609 1595 1640 1619 e.
1659 1585 1810 1618 linteam.
1836 1598 1840 1650 ι

1011 1641 1043 1664 v.
1063 1630 1092 1663 J.
1116 1632 1160 1664 H.
1194 1631 1305 1664 Vossii
1329 1597 1468 1674 myth6l.
1502 1631 1746 1689 Forschungen
1776 1639 1809 1674 p.

1011 1676 1090 1710 264.
1120 1684 1295 1730 cognatam
1327 1689 1462 1734 quoque
1484 1678 1625 1711 formam
1643 1675 1810 1732 ἄργυφος
1828 1683 1841 1713 i

1010 1722 1108 1755 Hom.
1128 1723 1330 1767 usurpavit,
1355 1722 1415 1757 ὄιν
1439 1721 1609 1768 ἄργυφον
1630 1723 1747 1757 dicens
1759 1718 1809 1767 ω’,
1828 1724 1841 1769 ‚i

1011 1768 1076 1802 621
1097 1774 1131 1802 et
1147 1768 1297 1814 ἄργυφα
1320 1771 1418 1814 μῆλα
1450 1771 1589 1825 Odyss
1602 1768 1654 1810 κ’,
1678 1771 1735 1804 85.
1764 1785 1810 1793 -

1010 1812 1184 1859 ἐξῆρχε
1206 1817 1352 1859 γόοιο.
1383 1817 1428 1849 cf.
1445 1817 1535 1857 316,
1560 1812 1589 1858 χ’
1602 1840 1612 1856 ,
1635 1794 1724 1856 430,
1747 1809 1840 1859 ψ’,ὶ

1016 1861 1055 1893 17
1085 1868 1150 1894 etc.
1186 1862 1308 1906 incipit
1341 1863 1512 1906 querelam
1539 1861 1680 1902 Thetis,
1720 1870 1840 1894 eam-1

1013 1916 1079 1950 que
1104 1907 1197 1941 velut
1216 1907 1329 1952 praeit
1357 1908 1554 1948 sororibus,
1595 1904 1823 1961 quemadmoe‘

1013 1952 1119 1985 dum·
1110 1965 1144 1986 ιιι
1164 1954 1261 1987 festis
1285 1953 1425 1987 deorum
1450 1958 1486 1987 et
1507 1954 1686 1987 funeribus
1709 1961 1823 2005 prae-ff

1012 1998 1129 2032 cinens
1143 1999 1265 2053 aliquis
1284 2005 1320 2033 et
1329 2000 1456 2033 saltans
1472 1999 1528 2033 vir
1545 2002 1720 2044 spectatus
1737 1997 1822 2051 sive.

1012 2049 1167 2079 matrona
1203 2046 1337 2090 signum
1369 2046 1475 2080 dabat
1505 2045 1626 2079 choros
1656 2042 1812 2085 ducendi,

1012 2090 1068 2123 vel
1085 2091 1300 2126 lamentand1
1331 2092 1477 2125 Hecuba
1493 2102 1549 2145 ap.
1577 2090 1714 2146 Eurip.
1717 2089 1811 2123 Tro-

1013 2137 1067 2170 ad
1091 2138 1186 2174 143.=
1213 2137 1419 2196 αιάζωμενὶ
1440 2136 1604 2192 Ματηρ
1604 2133 1647 2170 δ’
1683 2147 1734 2174 ως
1755 2147 1811 2176 τις

1010 2184 1149 2224 πτανὸς
1179 2183 1338 2230 κλαγγοὶν
1358 2182 1551 2240 Ὄρνισιν,
1581 2195 1682 2238 οπως
1704 2179 1820 2224 §goie-t

1010 2230 1060 2271 ξω
1083 2227 1151 2285 ’γω
1175 2231 1339 2275 μολπὰν,
1370 2231 1426 2266 Οὐ
1452 2229 1521 2265 miv
1555 2227 1699 2269 αὐτὰν,
1724 2225 1820 2268 οἵαν.

1008 2273 1097 2310 ποτὲ
1122 2276 1189 2322 δὴ,
1217 2276 1401 2335 Σκήπτρῳ
1425 2275 1601 2320 Πριάμου
1633 2274 1811 2320 διερειδο-

1007 2323 1121 2365 μένα,
1149 2303 1275 2364 17'0659
1298 2322 1499 2368 αρχεγόρου
1534 2325 1691 2376 πλαγαῖς
1713 2322 1819 2375 ΦρυἾ

1005 2368 1621 2427 γίαιςΕὐκόμποιςἐξῆρχονθεούς.
1631 2379 1664 2403 ν.
1676 2366 1723 2401 1b1
1733 2378 1819 2423 anu,

1052 2417 1151 2450 53—
1160 2418 1218 2451 58.
1244 2417 1408 2452 ei‘.6ats
1444 2414 1527 2452 ἀντὶ
1563 2416 1633 2452 τοῦ
1653 2414 1770 2458 εἴδητε
1774 2407 1818 2470 ἦρ

1008 2460 1205 2505 γνώσεσθε.
1238 2465 1490 2520 δυσαριστ.
1523 2461 1581 2498 ἐπὶ
1612 2461 1714 2506 κακῷ
1742 2458 1819 2511 ²:625r

1007 2506 1158 2552 ἄριστον
1182 2513 1364 2544 τετοκυῖα.
1390 2506 1431 2554 (6
1457 2507 1518 2544 δέ.
1543 2505 1564 2544 6
1598 2507 1657 2552 δή.
1682 2495 1821 2571 epodo-i

1008 2555 1055 2588 sis
1080 2556 1178 2599 hujus
1197 2556 1398 2590 sententiae.
1426 2554 1572 2600 jejunior
1591 2559 1645 2588 est
1671 2547 1817 2596 Heynei’

1009 2600 1118 2642 ratio,
1147 2603 1253 2635 verba
1272 2615 1291 2636 ο
1319 2600 1358 2637 δ’
1385 2600 1440 2636 ἄν
1468 2601 1518 2635 sic
1545 2574 1816 2644 interpretantis!

1007 2659 1070 2680 και
1093 2646 1169 2682 ἐπεὶ
1201 2646 1338 2689 ἐκεῖνος
1362 2645 1586 2690 ἀνέδραμεν,
1609 2645 1728 2690 itaque
1753 2643 1817 2678 red

1006 2693 1150 2727 ferentis
1170 2693 1212 2727 ad
1228 2694 1417 2739 sequentia.
1447 2693 1494 2727 ef.
1517 2691 1660 2726 inferius
1677 2692 1745 2726 437
1763 2678 1815 2721 —i

1007 2738 1097 2780 443,
1122 2740 1180 2773 ubi
1200 2740 1285 2774 haec
1299 2740 1447 2795 repetita
1475 2744 1575 2779 sunt,
1599 2736 1652 2781 ρ’,
1676 2738 1734 2774 53.
1755 2726 1814 2774 0-1

1007 2785 1099 2841 dyss.
1125 2784 1172 2828 ξ’,
1209 2786 1304 2820 175.:
1339 2784 1403 2820 τὸν
1437 2783 1514 2820 ἐπεὶ
1547 2783 1698 2839 θρέψαν
1721 2780 1815 2818 θεοΙι

1007 2828 1103 2873 ἔρνει
1147 2829 1259 2875 ἴσον.)
1303 2829 1590 2874 ἀνέδραμεν.
1640 2827 1812 2875 ηυξήθη’

1008 2876 1076 2919 (sic
1104 2877 1202 2910 etiam
1228 2882 1393 2913 oratores.
1428 2876 1560 2912 Herod.
1592 2879 1632 2918 1,
1666 2878 1722 2913 66.
1764 2851 1813 2916 de!

1007 2922 1300 2957 Lacedaemoniis·
1324 2921 1386 2958 οἶα
1410 2923 1449 2958 δὲ
1475 2922 1513 2958 ’έν
1538 2934 1576 2958 τε
1598 2935 1697 2980 χωρῃ
1720 2920 1804 2965 ἄγα·

1007 2969 1084 3024 θῇ,
1116 2969 1178 3004 καὶ
1207 2969 1347 3013 πλήθεϊ
1381 2968 1450 3005 οὐκ
1482 2967 1615 3016 ὀλίγων
1649 2966 1811 3011 ἀνδρῶν.

1010 3012 1084 3050 ἀνά
1108 3011 1145 3050 τ’
1180 3014 1344 3061 ἔδραμον
1378 3013 1538 3058 αὐτίκα,
1561 3015 1624 3053 καὶ
1648 3012 1811 3060 εὔθηνή
