1847 3277
614 173 1042 214 ΙΛΙΑΔΟΣ
1099 175 1145 213 Ρ.

295 289 312 309 *
341 277 427 335 „³52
455 281 596 325 πέπον
609 316 619 334 ,

1643 176 1690 214 21

655 278 691 325 οἷ
721 283 919 326 Μενέλαε
949 281 1197 335 διοτρεφὲς,
1227 280 1370 325 ου’κέτι
1404 288 1487 326 νῶϊ

218 338 400 394 ἔλπομαι
431 338 550 382 αὐτώ
580 355 658 392 περ
689 340 952 392 νοστησέμεν
981 339 1028 381 ἐκ
1057 338 1274 389 πολέμοιο.

103 399 186 440 240
217 396 315 439 οὔτι
344 396 478 438 τόσον
507 395 667 446 νέκυος
696 398 936 450 περιδείδια
969 394 1267 447 Πατρόκλοιο,

215 451 264 502 ός
295 469 341 496 κε
368 452 475 507 τάχα
510 453 673 505 Τρώων
703 454 844 506 κορέει
873 452 1010 502 κύνας
1039 450 1111 507 ἠδ’
1144 450 1354 502 οἰωνοὺς,

214 509 350 552 ὅσσον
380 510 460 565 ἐμῆ
490 514 660 564 κεφαλῆ
689 511 954 563 περιδείδια,
984 508 1086 564 μήτι
1113 508 1306 577 πάθῃσι,

214 566 286 608 καὶ
317 578 397 622 ση,
430 568 519 609 ἐπεὶ
548 568 756 636 πολέμριο
780 566 924 635 νέφος
954 566 1052 620 περὶ
1079 565 1222 607 πάντα
1251 563 1460 608 καλύπτει

200 622 393 693 “Extm9,
426 622 531 679 ἧμιν
563 622 606 665 δ’
639 618 732 666 αὖτ’
763 621 1057 676 ἀναφαίνεται
1087 622 1219 691 α’ἰπυς
1249 621 1446 675 ὄλεθρος

100 682 182 725 245
215 677 308 723 ἀλλ’
343 679 430 735 ἅγ

462 679 670 734 ἀριστῆας
700 683 893 721 Δαναῶν
927 678 1071 730 κάλει,
1101 677 1157 734 ἤν
1188 695 1250 729 τις
1280 676 1484 734 ἀκούσῃ]

278 735 361 787 ’.Ως
391 736 510 791 έ”φατ
524 770 533 787 ,
566 735 668 779 οὐδ’
698 735 888 791 απίθησε
918 735 1030 791 βοήν
1060 733 1229 789 ἀγαθός
1260 681 1522 785 Μενέλαος“,

211 793 346 852 ἤϋσεν
377 794 422 836 δὲ
449 793 734 845 διαπρύσιον,
765 798 984 836 Δαναοῖσι
1014 792 1238 863 γεγωνώς·

293 852 377 901 ,,.Ω.
408 868 455 905 φ
448 853 530 894 λὀι
557 851 762 922 Ἀργείων
790 847 1001 905 ἡγήτορες
1030 848 1107 905 η’δὲ
1137 848 1360 904 ιιέδοντες.

212 907 302 950 οἵτε
335 906 432 960 παρ’
463 907 700 963 Ἀτρείδης,
727 905 1012 962 Ἀγαμέμνονι
1041 906 1115 949 καὶ
1147 906 1386 962 Μενελάῳ,

97 967 179 1007 250
215 963 348 1018 δήμια
375 967 604 1015 πι’,νουσιν
635 964 708 1006 καὶ
739 964 1031 1033 σημαίνουσιν
1061 962 1244 1013 ἕκαστος

207 1024 357 1070 λαοῖς,
389 1022 436 1064 ἐκ
468 1021 513 1065 δὲ
541 1020 653 1070 Διὸς
681 1019 782 1076 τιμὴ
810 1020 884 1062 καὶ
913 1022 1049 1068 κῦδος
1078 1017 1252 1088 ὀπηδεῖ,

207 1074 422 1132 αργαλέον
455 1078 502 1121 δέ
530 1079 608 1134 μοί
637 1078 726 1122 ε’στι
759 1079 1107 1120 διασκοπιᾶσθαι
1136 1075 1320 1119 ἕκαστον

79 1226 160 1260 238.
200 1238 232 1260 v.
257 1237 334 1260 ann
357 1226 401 1260 ad
427 1224 555 1269 ζ,55.
581 1226 683 1261 etiam
707 1225 741 1260 h.
765 1227 788 1260 l.
815 1239 843 1260 ω

31 1269 150 1306 πέπον
176 1272 230 1305 vel
256 1268 286 1307 ὠ
311 1270 505 1315 πεπόνων,
541 1273 571 1307 si
603 1272 844 1314 divinavimus‚

30 1317 247 1362 *indignantis
278 1325 331 1353 est
362 1326 398 1353 et
429 1320 525 1353 velut
557 1319 845 1365 reprehendentis

33 1364 78 1397 de
106 1364 246 1408 ignavia
278 1377 352 1399 cum
385 1366 600 1407 Menelaum,
636 1377 709 1399 cum
737 1370 847 1399 semet

33 1409 165 1454 ipsum3
202 1412 299 1455 quasi
334 1412 429 1446 dicas
462 1412 682 1458 germanice:

0 1455 2 1474 '¹
34 1458 147 1501 Tropf
167 1449 357 1492 Menelaus.

77 1503 289 1539 239-244.
321 1502 447 1539 αὐτώ
471 1516 576 1545 περ,
600 1505 656 1537 vel
676 1504 776 1548 ipsos.
802 1515 845 1538 ne

32 1560 71 1584 se
89 1549 184 1594 ipsos
196 1550 331 1594 quidem
350 1551 464 1585 salvos
483 1562 526 1585 ex
545 1551 609 1584 hac
628 1562 745 1595 pugna
762 1550 844 1584 red-

32 1596 142 1630 ituros
173 1608 250 1630 esse
278 1602 486 1641 auguratur,
511 1597 634 1631 nedum
660 1602 699 1630 ut
719 1598 844 1631 Patro-

31 1642 76 1676 cli
110 1654 232 1687 corpus
263 1651 435 1678 servatum
468 1643 510 1677 iri
536 1648 671 1699 speret.
689 1662 731 1667 —
776 1642 843 1678 νέ-

29 1701 158 1729 κυος.
189 1690 361 1732 genitivus
392 1702 527 1724 causae.
571 1690 615 1724 cf.
639 1687 692 1730 κ’,
718 1690 776 1724 93.
797 1709 842 1715 -

29 1735 133 1770 Sch..
168 1736 341 1777 κορέει.
377 1736 541 1779 κορέσει,
575 1733 770 1780 πληρώσει.
796 1755 841 1761 —-

30 1780 119 1828 ἐμῇ
141 1784 348 1828 κεφαλῇ,
380 1784 458 1818 καὶ
492 1783 567 1828 σῇ,
598 1784 684 1816 mihi
709 1788 742 1816 et
766 1783 840 1817 tibi.

31 1833 112 1863 nota
136 1829 366 1874 periphrasim
391 1841 426 1866 v.
447 1829 575 1863 Mattb.
601 1832 633 1871 §.
655 1829 734 1864 430.
768 1841 843 1864 πε-

30 1875 247 1919 ριδείδια
271 1887 344 1909 cum
366 1875 436 1909 dat.
463 1881 693 1909 constructum
715 1880 779 1916 est,
805 1880 843 1908 ut

30 1920 81 1962 λ’,
104 1922 191 1962 508,
217 1920 269 1963 ο’,
298 1923 385 1964 123,
411 1920 464 1963 ψ’,
491 1923 569 1956 822.
589 1940 635 1946 -
671 1919 777 1956 ἐπεὶ
796 1940 843 1946 —

19 1965 67 2003 “E
76 1983 95 2002 κ
104 1981 124 2001 τ
134 1981 162 2002 ω
172 1980 204 2012 ρ.
226 1968 329 2002 ordo:
347 1966 570 2012 ἐπεῖΈκτωρ
583 1966 845 2011 περικαλύπτει

29 2014 153 2050 πάντα
184 2013 299 2057 νέφος
329 2019 410 2049 πολ.
463 2014 646 2055 πάντα,
680 2013 841 2054 πάντως.

29 2060 175 2105 νέφος
197 2065 318 2103 πολ,
344 2067 382 2095 ut
397 2060 513 2101 νέφος
534 2059 668 2105 ἀχλύος
694 2060 736 2102 ο’,
757 2061 838 2102 668,

28 2107 188 2149 νεφέλαν
213 2107 333 2149 φόνου
367 2119 424 2152 ap.
447 2108 546 2143 Pind.
574 2108 673 2142 Nem.
700 2109 744 2149 9,
768 2109 838 2149 90„

28 2155 151 2188 nubem
172 2155 251 2188 belli
260 2166 330 2210 ap.
350 2154 448 2199 Virg.
471 2156 554 2188 Aen.
576 2157 631 2194 10,
654 2155 733 2205 809.
766 2165 839 2188 πε-

30 2203 185 2245 panax.
218 2199 364 2255 νέφος
397 2203 515 2243 πολ.,
548 2205 586 2233 ut
618 2199 723 2245 αὐτῷ
754 2200 837 2255 περὶ

29 2248 136 2289 κῶμα
153 2245 304 2289 κάλυψα
325 2245 367 2290 ξ’,
382 2248 462 2283 359.
481 2254 517 2281 et
538 2244 637 2289 ἀμφὶ
657 2245 696 2282 δε
720 2246 837 2281 νύκτα

33 2295 179 2337 Θοῦρος
213 2291 320 2338 Ἀρης
358 2291 529 2349 ἐκάλυψε.
572 2293 660 2327 idem
693 2293 838 2327 dixisset

29 2343 111 2375 πολ.
135 2338 258 2381 νέφει,
283 2346 320 2373 ut
343 2338 382 2374 ω’
396 2342 504 2381 ‚.219
536 2339 629 2382 φῶτ’
652 2338 837 2383 ἐλεαίρων,

30 2385 106 2422 Καὶ
128 2385 314 2441 τεθνηότα
331 2399 418 2429 περ,
443 2386 524 2431 περὶ
544 2383 581 2421 6’
605 2387 723 2442 αἰγίδι
741 2386 838 2421 πάν-

29 2445 77 2468 τα
107 2430 265 2469 κάλυπτε
290 2433 460 2477 Χρυσείῃ.
482 2452 523 2457 —-
569 2427 704 2475 αὖτε,
736 2435 837 2467 vicis-

30 2480 114 2513 sim.
138 2490 213 2513 nam
233 2480 334 2523 paulo
360 2484 462 2512 antea
478 2478 636 2513 Menelao
660 2484 838 2514 cesserant

31 2525 118 2570 Troj
123 2526 188 2561 ani.
219 2537 253 2558 v.
276 2526 335 2569 68,
359 2526 415 2560 69.
442 2545 477 2550 -
515 2524 656 2568 ἀναφ.
682 2539 717 2562 α.
745 2524 836 2562 ὄλε-

0 2574 161 2616 θρος.
186 2569 228 2612 λ’,
255 2570 332 2607 174.
361 2571 404 2606 cf.
423 2570 548 2605 ibidem
561 2572 618 2614 62,
640 2569 686 2615 α’,
709 2574 753 2607 87
766 2577 833 2606 etc.

72 2619 152 2654 247-
184 2616 246 2661 θ’,
271 2619 361 2661 226,
382 2615 431 2660 λ’,
456 2618 546 2660 275,
570 2619 658 2661 585,
683 2615 740 2663 μ’,
764 2620 832 2654 439

29 2668 96 2698 etc.

74 2707 154 2745 248.
178 2707 230 2757 β’,
252 2712 318 2752 79,
344 2708 389 2752 ι’,
410 2711 475 2753 17,
501 2707 532 2744 κ’
546 2736 555 2753 ,
575 2712 640 2746 301
663 2714 730 2743 etc.

74 2755 285 2792 249-255.
312 2757 386 2792 οἵτε
409 2757 577 2799 πίνουσι,
601 2757 834 2800 σημαίνουσι.

30 2802 95 2836 hoc
119 2812 184 2836 nou
207 2808 260 2836 est
280 2803 368 2837 idem
388 2809 494 2848 atque
519 2804 594 2839 οἵτε
613 2805 746 2843 πίνετε,
771 2815 834 2848 ση-

28 2849 197 2891 μαίνετε,
232 2854 272 2882 nt
302 2849 514 2884 existimasse
538 2850 700 2884 videntur
726 2850 834 2884 Scho-

28 2895 168 2936 liastae,
191 2894 251 2927 sed
270 2894 525 2940 intelligendum
545 2894 721 2942 ἡγήτορες
742 2893 786 2940 ἠγ
789 2910 834 2941 η-

28 2939 147 2985 τόρων
180 2939 345 2982 ἐκείνων,
377 2943 452 2977 οἵτε
479 2948 568 2977 etc.:
604 2955 713 2988 neque
746 2943 834 2977 enim

28 2999 143 3023 omnes
178 2987 394 3022 Graecorum
426 2989 531 3022 duces
565 2991 729 3027 aderant
773 2989 834 3023 sed

27 3045 109 3080 pars
132 3044 268 3073 eorum,
302 3045 386 3079 quos
418 3035 459 3069 ad
487 3036 648 3070 virtutem
674 3037 833 3071 exhorta-

732 1423 847 1445 αΓΠΙΘΓ

891 1228 948 1258 tur
971 1223 1162 1258 Menelaus.
1211 1222 1452 1268 significanter
1481 1226 1592 1255 autem
1617 1220 1705 1255 (lixit

892 1268 1074 1328 ΗΙενελαῳ
1099 1282 1163 1316 pro
1187 1269 1293 1314 ἐμοί·
1317 1281 1349 1302 v.
1374 1280 1452 1302 ann.
1475 1268 1520 1302 ad
1543 1265 1594 1309 α’,
1620 1267 1702 1309 240,

891 1316 948 1359 π’,
974 1318 1052 1353 833.
1074 1335 1121 1341 —-
1174 1318 1275 1351 Sch:
1310 1313 1460 1359 δήμια
1485 1315 1701 1349 πίνουσι.

891 1363 938 1399 τὰ
967 1362 1128 1417 δημόσια
1151 1364 1198 1398 τοὶ
1220 1362 1323 1405 παρὰ
1357 1363 1428 1397 τοῦ
1455 1360 1577 1405 δήμου
1602 1359 1702 1403 ε’ξαι-

893 1411 1005 1455 ρέτως
1028 1409 1206 1453 διδόμενα
1230 1413 1310 1450 τοῖς
1332 1389 1519 1464 βασιλεῦσι
1543 1420 1704 1442 κατανα-

893 1459 1069 1492 λίσκονσι.
1111 1457 1226 1492 Schol.
1248 1460 1297 1490 A:
1323 1454 1553 1509 δήμια.τά
1572 1453 1610 1489 ἐκ
1631 1455 1704 1489 ταῖν

890 1505 1026 1540 κοιναῖν
1057 1504 1119 1539 καὶ
1150 1504 1352 1558 δημοσίων
1371 1499 1566 1547 χρημάτων
1589 1515 1703 1546 χορη-

889 1549 1050 1596 γούμενα
1084 1553 1163 1591 τοῖς
1203 1549 1402 1603 βασιλεῦσι.
1452 1548 1570 1582 eodem
1601 1559 1704 1582 sensu

888 1598 1080 1654 γερούσιον
1106 1595 1210 1632 οἶνον
1235 1597 1324 1630 dixit
1357 1595 1411 1636 δ’,
1435 1596 1516 1630 259.
1566 1595 1610 1628 cf.
1635 1595 1703 1628 ibi-

889 1646 964 1679 dem
993 1643 1074 1685 343,
1099 1643 1179 1679 344.
1206 1647 1241 1676 et
1266 1644 1310 1676 de
1329 1641 1494 1685 Trojanis
1513 1640 1704 1686 Lyciisque

887 1703 992 1737 supra
1015 1691 1095 1725 225.
1131 1694 1166 1723 et
1196 1687 1253 1733 μ’,
1278 1690 1347 1724 310
1369 1700 1465 1733 seqq.
1499 1687 1702 1721 tralatitium

889 1744 961 1781 est,
999 1738 1090 1781 quod
1115 1737 1146 1770 Ε
1181 1735 1381 1770 annotavit:
1407 1754 1453 1759 ——
1477 1730 1547 1776 ὅρα
1575 1732 1615 1768 δὲ
1639 1734 1703 1768 καὶ

887 1783 930 1819 τὸ
956 1785 1198 1818 πίνουσιν.
1227 1780 1273 1818 οὐ
1292 1795 1363 1839 γαρ
1381 1779 1452 1825 ἔφη
1472 1781 1549 1815 καὶ
1576 1779 1702 1815 ἐσθί-

890 1844 941 1865 ου
955 1842 1042 1871 σιν,
1060 1827 1150 1865 αλλα
1171 1830 1279 1884 δηλοῖ
1298 1827 1372 1863 ἀπὸ
1391 1828 1528 1870 μέρους
1547 1826 1590 1862 τό
1611 1829 1702 1867 πᾶν,

890 1873 983 1913 ὅθεν
1019 1889 1051 1910 κ.
1085 1875 1189 1919 παρὰ
1224 1876 1270 1932 τῇ
1301 1888 1406 1930 νοινῃ
1440 1875 1628 1919 συνηθειςι
1658 1872 1700 1908 τὸ

890 1922 1096 1967 συμπόσιον
1126 1923 1189 1957 καὶ
1221 1920 1239 1957 ὁ
1264 1921 1376 1961 πότος
1401 1920 1561 1965 λέγεται,
1595 1932 1701 1965 σιγω-

888 1970 1001 2015 μένης
1024 1971 1089 2013 τῆς
1112 1968 1275 2025 ἐδωδῆς,
1308 1968 1415 2004 καθά
1445 1981 1477 2003 κ.
1512 1966 1554 2003 τὸ
1579 1968 1703 2003 συσσί-

887 2031 992 2058 τιον,
1030 2015 1271 2060 σιωπωμένης
1302 2017 1368 2060 τῆς
1399 2013 1488 2051 πόσε
1493 2028 1552 2055 ως.
1601 2011 1700 2050 ου’τω

885 2064 949 2099 καὶ
974 2060 1119 2107 ‘'Entco9
1152 2062 1332 2106 μνησθεὶς
1366 2061 1552 2105 ἐδωδῆς
1585 2062 1699 2106 (225.)

884 2109 1006 2155 ἀφῆκε
1025 2112 1266 2145 συννοεῖσθαι
1287 2107 1383 2155 αὕτη
1402 2107 1468 2151 τήν
1490 2108 1611 2144 πόσιν.
1637 2121 1700 2154 ge-

884 2158 994 2191 nerali
1028 2156 1163 2191 nomine
1197 2153 1349 2190 ὀνείατα
1384 2156 1484 2189 Hom
1522 2155 1699 2200 appellare

883 2205 970 2238 solet
989 2203 1099 2237 cibum
1119 2209 1306 2248 potumque
1324 2199 1380 2246 (ι’,
1398 2204 1441 2236 91
1460 2202 1570 2244 etc.;)
1595 2213 1698 2246 saepe

884 2254 995 2284 tamen
1017 2255 1052 2283 et
1075 2256 1255 2293 utrumque
1272 2248 1467 2304 singulatim
1494 2248 1597 2288 dicit,
1625 2248 1698 2281 vel-

882 2302 922 2331 ut
949 2294 1274 2340 πολυθρυλλήτῳ·
1266 2295 1343 2329 illo:
1369 2293 1489 2336 αὐτα-ρ
1514 2293 1590 2328 ἐπει
1627 2294 1697 2328 πό-

885 2355 964 2383 σιος
986 2343 1048 2377 καὶ
1072 2341 1229 2386 ἐδητύος
1253 2340 1290 2384 ἐξ
1315 2341 1400 2385 ἔρον
1426 2339 1508 2376 ε’ντο
1534 2340 1568 2374 α’
1582 2342 1696 2382 ,,469

884 2387 939 2444 β’,
964 2389 1044 2425 432
1079 2395 1114 2422 et
1139 2388 1234 2422 alias.
1255 2407 1301 2412 -
1351 2390 1697 2444 σημαίνουσιν,

883 2437 1068 2491 imperant.
1097 2434 1151 2477 α’,
1176 2436 1244 2469 296
1263 2440 1330 2469 etc.
1350 2454 1392 2459 —
1427 2434 1475 2470 ἐκ
1500 2434 1546 2469 δε
1573 2433 1696 2472 Διὸς

884 2502 927 2506 -
954 2480 1047 2526 ο’πη
1059 2482 1144 2516 δεῖ.
1181 2493 1211 2514 V.
1239 2478 1294 2520 α’,
1319 2483 1408 2523 279,
1432 2482 1488 2528 β’,
1516 2483 1601 2521 196,
1629 2481 1696 2515 197

884 2533 950 2562 etc.
983 2530 1090 2582 vulgo
1121 2528 1155 2562 in
1190 2527 1258 2561 fine
1282 2528 1381 2571 hujus
1414 2539 1536 2562 versus
1567 2528 1695 2571 majore

882 2574 1158 2621 interpunctione
1192 2573 1437 2619 distinguitur,
1476 2587 1552 2608 cum
1587 2574 1695 2607 xerba

879 2622 907 2655 αἰ
935 2623 1039 2664 φίλοι
1062 2640 1107 2646 -
1131 2620 1305 2663 μέδοντες
1334 2622 1531 2682 pertineant
1562 2620 1604 2654 ad
1636 2619 1693 2652 illa

879 2667 960 2703 254.
987 2665 1078 2702 ἀλλα
1111 2681 1167 2707 τις
1197 2664 1311 2708 αὐτὸς
1334 2669 1422 2710 ἴτω,
1458 2680 1528 2711 age
1553 2668 1693 2711 quisque

877 2715 1044 2758 procedat
1067 2726 1132 2748 sua
1154 2719 1291 2757 sponte
1313 2715 1383 2749 ista
1408 2727 1489 2748 vero
1516 2712 1693 2757 ἀργαλέον

880 2780 926 2785 -
951 2760 1082 2805 δέδηεν
1101 2760 1216 2805 priore
1235 2761 1310 2795 loco
1330 2762 1442 2806 posita
1462 2760 1548 2800 sint,
1575 2765 1612 2793 ut
1629 2770 1692 2803 po-

880 2812 1007 2841 nuntur
1029 2808 1199 2840 interdum
1224 2818 1286 2848 ea,
1319 2820 1408 2852 quae
1441 2817 1575 2840 causam
1610 2817 1691 2838 con-

879 2852 991 2887 tinent
1014 2853 1239 2909 sequentium.
1274 2865 1308 2886 v.
1326 2853 1471 2888 inferius
1496 2852 1583 2891 338,
1609 2851 1689 2892 475,

880 2897 934 2944 η’,
968 2901 1026 2935 73.
1051 2919 1094 2925 -
1136 2897 1232 2944 οἷργ.
1269 2897 1333 2942 δε,
1370 2897 1404 2934 οἷ.
1441 2898 1500 2942 δή.
1548 2877 1690 2931 difficile

882 2957 958 2979 esse
980 2946 1030 2980 ait
1052 2946 1206 2990 singulos
1231 2946 1335 2979 duces
1353 2945 1549 2979 nominatim
1569 2945 1689 2988 appel-

880 2991 952 3025 lare
976 2990 1046 3035 (κ’,
1072 2994 1137 3036 68,
1161 2993 1237 3035 69.)
1264 2991 1297 3024 ἱιι
1324 2998 1420 3025 tanta
1445 2990 1687 3036 trepidatione.

881 3038 924 3071 cf.
951 3039 993 3072 E.
1024 3057 1069 3064 -—
1105 3049 1234 3071 rursum
1268 3038 1370 3073 Scin:
1407 3039 1686 3072 διασκοπιᾶ-
