1862 3277
605 125 1036 167 ΙΛΙΑΔΟΣ
1089 126 1145 168 Ν.

1643 130 1722 171 171

110 242 192 282 210
217 233 463 290 Ἰδομενεύς
490 234 537 278 δ’
567 233 655 290 ἄρα
686 236 730 278 οἱ
761 233 1054 290 δουρικλυτός
1083 233 1386 290 ἀντεβόλησεν,

225 291 479 363 ἐρχόμενος
487 291 595 345 παρ’
628 291 829 344 ἑταίρου,
860 292 886 337 ὅ
918 294 962 335 οἱ
991 293 1095 334 νέον
1123 291 1172 335 ἐκ
1201 292 1411 349 πολέμοιο

222 347 350 417 ἦλθε,
380 347 479 392 κατ’
511 347 670 404 ἰγνύην
699 348 964 419 βεβλημένος
994 348 1084 400 ὀξέϊ
1109 352 1271 405 χαλκῷ.

222 405 302 449 τόν
331 407 411 461 μὲν
439 406 606 459 ἑταῖροι
636 406 828 457 ἔνεικαν,
860 404 884 448 ὁ
917 406 956 449 δ’
991 407 1158 462 ἰητροῖς
1188 406 1402 457 ἐπιτείλας

221 462 316 533 ἤιεν
345 463 392 505 ἐκ
421 464 607 518 κλισίης·
640 462 701 506 ἔτι
730 479 814 532 γαρ
845 462 1056 517 πολέμοιο
1089 465 1272 516 μενοίια

110 521 192 565 215
225 518 424 562 ἀντιάαν.

483 519 563 562 τόν
595 518 640 561 δὲ
668 519 872 590 προσέφη
901 521 1061 572 κρείων
1090 519 1374 592 Ἐνοσίχθων,

225 575 452 630 εἰσάμενος
481 575 690 631 φθογγήν
718 574 1031 631 Ἀνδραίμονος
1059 573 1126 619 υἷι·
1157 575 1336 630 Θόαντι,

223 632 273 683 ὃς
302 631 418 689 πάσῃ
451 636 687 686 Πλευρῶνι
716 633 790 676 καὶ
820 635 994 688 αἰπεινῃ
1025 636 1264 677 Καλυδῶνι

222 690 487 732 Αἰτωλοῖσιν
516 688 701 741 ἄνασσε,
733 689 839 741 θεὸς
870 689 911 733 δ’
943 690 1003 740 ὡς
1035 692 1148 734 τίετο
1183 689 1331 747 δήμῳ·

301 745 565 815 ,’1δομενεῦ,
598 750 785 803 Κρητῶν
815 747 1093 807 βουληφόρε,
1124 751 1214 791 ποῦ
1244 764 1312 790 τοι
1344 745 1516 791 ἀπειλαὶ

113 810 196 849 220
227 805 445 859 οἴχονται,
474 802 552 853 τοὶς
593 804 764 855 Τρωσὶν
794 804 999 848 ἀπείλεον
1027 808 1117 855 υἷες
1144 803 1386 873 Ἀχαιώνςιι

307 860 396 903 Τὸν
427 858 471 903 δ’
503 859 602 903 αὕτ’
629 860 895 915 Ἰδομενεύς,
929 865 1116 935 Κρητῶν
1148 860 1276 916 ἀγὸς,
1309 859 1462 904 ἀντίον
1490 859 1629 918 ηὔδα

223 913 290 968 ,,ὠ
323 915 464 969 Θόαν,
496 916 617 968 οὔτις
647 917 756 973 ἀνὴρ
787 922 874 962 νῦν
904 917 948 973 γ’
980 920 1144 970 αἴτιος,
1180 917 1316 961 ὅσσον
1349 918 1482 974 ε’γωγε

219 974 447 1029 γιγνώσκω
480 973 660 1026 (πάντες
688 975 772 1029 γὰρ
804 975 1073 1044 ἐπιστάμεθα
1101 976 1400 1031 πτολεμίζειν),

223 1031 324 1073 οὔτε
353 1031 451 1073 τινα
484 1032 582 1082 δέος
611 1033 720 1086 ἴσχει
752 1031 963 1087 ἀκήριον,
996 1032 1096 1075 οὔτε
1126 1049 1190 1082 τις
1221 1032 1338 1074 ὅκνω

113 1092 196 1133 225
229 1089 359 1130 είκων
390 1086 596 1131 ανδύεται
626 1088 817 1158 πόλεμον
845 1089 1006 1132 κακόν·
1040 1088 1148 1132 ἀλλά
1178 1106 1267 1131 που
1299 1088 1415 1132 οὕτω

216 1144 358 1200 μέλλει
388 1143 441 1202 δη
475 1147 607 1202 φίλον
639 1142 754 1189 εἶναι
782 1143 1018 1203 ὑπερμενέϊ
1046 1147 1285 1202 Κρονίωνι,

95 1271 175 1304 211.
199 1281 295 1324 sequ.
346 1267 368 1305 ό
392 1269 450 1305 οι.
483 1283 525 1310 ος
549 1269 597 1306 οἳ.
638 1269 669 1315 γ’
680 1295 689 1313 ,
711 1272 792 1306 351.
819 1291 864 1296 —-

52 1315 242 1349 Sch01.B:
272 1312 430 1360 ἦλθεν.
466 1315 549 1352 ἀντὶ
574 1319 643 1351 τοῦ
667 1316 863 1372 ἀπηνέχθη

52 1363 104 1401 εἰς
119 1361 187 1406 τήν
213 1361 362 1420 σκηνήν.
382 1383 428 1388 —
451 1363 556 1397 Scin:
584 1363 772 1409 ἰγνύην.
799 1364 863 1408 οἶγ-

23 1417 26 1419 ’
49 1408 176 1452 κύλην.
224 1405 248 1454 ἢ
273 1410 315 1445 τό
343 1407 501 1446 ὄπισθεν
524 1411 595 1445 τοῦ
618 1410 786 1453 γόνατος.
810 1412 863 1445 Ε.

51 1455 157 1500 ἰγιιὲη
183 1453 223 1489 δε
246 1455 289 1491 τό
316 1456 473 1492 κατόπιν
500 1455 583 1515 η’τοι
607 1457 727 1493 ὀπίσω
752 1471 794 1501 με
800 1471 865 1500 ρος

51 1505 119 1537 τοῦ
142 1501 320 1546 γόνατος,
346 1501 434 1544 ὅπερ
459 1505 520 1538 καὶ
550 1501 686 1549 αγκύλη
713 1506 861 1548 λέγεται.

50 1561 190 1595 γινεται
214 1548 254 1584 δε
271 1549 374 1595 παρὰ
395 1549 436 1585 τὸ
456 1550 656 1593 ἱκνεῖσθαι,
683 1551 792 1597 ικνύη
811 1565 866 1592 τις

52 1596 167 1638 οὐσα,
202 1594 278 1632 ἐπεὶ
311 1597 572 1643 καμπτομένης
596 1596 713 1640 αὐτῆς
738 1599 866 1634 ἱκνού-

49 1643 587 1689 usfia.Hesschlyv15n.zd
607 1642 868 1690 ἅντικνὴμιονε

51 1700 139 1734 quae
173 1688 417 1742 interpretatio
460 1692 624 1725 convenit
659 1693 739 1726 huic
773 1693 867 1727 loco:

51 1747 127 1769 nam
149 1735 287 1777 cubito,
312 1748 379 1770 non
405 1738 548 1782 poplite,
573 1738 787 1773 vulneratum
812 1751 867 1772 so

53 1781 149 1815 dales
173 1793 239 1815 non
263 1789 470 1827 portassent.
527 1790 679 1818 ceterum
715 1785 868 1819 nonnulli

53 1828 302 1872 quaesixerunt
326 1841 445 1863 nomen
468 1831 560 1864 illius
583 1831 752 1872 homini53
772 1831 867 1877 quod

53 1874 83 1908 si
117 1874 308 1908 addidisset
346 1876 445 1911 Hom
457 1902 467 1917 ‚
509 1877 651 1911 fecisset
688 1889 771 1911 sane
804 1889 865 1910 sno

53 1931 164 1954 more·
191 1932 222 1954 v.
243 1918 289 1962 δ’,
314 1920 380 1956 491
402 1930 467 1959 etc.
492 1935 555 1957 nec
575 1930 688 1956 tamen
712 1924 796 1958 male
816 1924 865 1957 E·

52 1962 72 2000 ὅ
96 1966 137 2001 δέ
160 1979 198 2010 γε
224 1968 401 2012 ποιητής,
427 1969 562 2014 inquit,
589 1969 866 2024 ἐξωμανῇλοῃσα-

52 2025 94 2047 το
120 2011 194 2058 ἤδη
220 2016 389 2070 φανερῶς
413 2015 572 2059 χαλεπὸν
610 2029 706 2051 ειναι
741 2031 866 2052 παντα

54 2059 208 2104 φράζειν
238 2057 368 2097 αὐτόν.
416 2063 538 2096 vellem
574 2063 765 2097 indicasset
792 2065 867 2097 Ho-

53 2107 138 2140 meri
161 2107 281 2141 locum.
330 2108 387 2141 vix
408 2109 496 2142 enim
521 2109 686 2143 credibile
711 2116 784 2153 est,
818 2110 867 2143 si-

54 2164 110 2196 gn:
103 2152 211 2210 'ficafi
235 2154 318 2188 illud
345 2154 389 2201 β’,
414 2156 516 2190 486:
552 2153 659 2200 ἡμεῖς
694 2155 733 2191 δε
765 2156 867 2197 κλέος

55 2197 137 2233 οἷον
162 2198 373 2244 ἀκούομεν,
407 2199 451 2236 οὗ
457 2200 496 2236 δὲ
530 2215 564 2237 τι
599 2203 716 2245 ἴδμεν.
757 2205 868 2248 magis

55 2252 181 2289 putem,
194 2248 403 2281 Graeculum
418 2249 534 2282 dicere
548 2251 749 2283 sententiam
767 2251 869 2285 istam

55 2293 177 2335 hymno
202 2293 235 2326 in
261 2295 368 2328 Mei-c.
382 2319 391 2335 ,
418 2307 517 2339 quem
544 2297 702 2340 hymnum
725 2307 787 2340 pro
806 2310 870 2342 ge—

56 2337 157 2372 nuino
189 2339 366 2378 babuerit,
391 2343 472 2376 205.
504 2343 665 2386 χαλεπὸν
699 2343 739 2378 δὲ
776 2343 869 2388 δαή-

56 2385 166 2427 μεναί
199 2384 297 2420 ἐστιν
332 2399 497 2422 εκαστον.
565 2397 660 2422 certe
694 2391 867 2435 negotium

57 2431 179 2465 fuisset
204 2433 360 2477 reperire
385 2435 519 2468 nomina
544 2435 709 2477 omnium,
729 2437 868 2491 ‘quibus

56 2476 177 2521 stipati
203 2484 301 2512 erant
327 2481 464 2521 heroes,
500 2481 676 2524 ἑταίρων,
709 2482 784 2517 sive
810 2495 870 2517 co-

57 2522 172 2557 mitum
188 2536 228 2558 ac
247 2525 474 2560 ministrorum
495 2528 595 2570 (246,
615 2528 695 2569 249,
721 2528 766 2567 α’.
792 2531 869 2571 179,

61 2571 147 2610 183,
180 2570 224 2615 γ’,
249 2572 373 2615 259),
408 2574 467 2619 qui
504 2574 538 2607 in
576 2575 630 2608 his
666 2555 871 2610 carminibus

58 2624 316 2651 commemorant
319 2629 374 2652 ur.

69 2664 80 2679 ‘
102 2662 329 2699 213—217.
379 2664 462 2699 τὸν
488 2686 532 2690 -
559 2665 764 2702 ε’ν.εικαν
804 2680 871 2702 non

60 2706 212 2743 deterius
236 2710 326 2744 soret
350 2711 432 2745 hoc·
456 2711 525 2747 τόν
551 2712 669 2756 Ξ-’τεροι
693 2714 760 2759 μὲν
782 2720 873 2750 ενει-

59 2765 147 2796 καν,
180 2755 234 2790 cui
259 2757 467 2802 adscriptum
493 2771 554 2804 pro
584 2761 872 2807 interpretatione

63 2799 235 2846 ἑταῖροι”
225 2814 259 2835 ιιι
284 2814 419 2838 versum
445 2805 659 2850 immigrasse
684 2814 719 2842 et
736 2819 873 2852 germa-

64 2857 138 2880 nam
166 2859 282 2882 vocem
310 2851 485 2895 expulisse
512 2853 697 2893 videatur,
723 2859 761 2887 ut
784 2855 873 2888 solet

64 2891 153 2926 fieri.
178 2894 303 2929 suerint
315 2905 372 2930 aut
377 2909 426 2931 em
445 2897 562 2942 ἕτεροι
578 2900 792 2946 intelligendi
812 2901 871 2934 alii

64 2949 166 2981 quam
191 2939 266 2986 ipse
300 2942 521 2986 Idomeneus,
555 2947 692 2981 sodales
726 2947 781 2981 vel
809 2947 869 2981 mi-

67 2984 178 3018 nistri.
235 2999 273 3022 αι
300 2994 336 3023 et
360 3001 396 3032 ε,
430 2990 576 3037 ipsaque
607 2994 714 3028 verba
747 3006 801 3029 ετ
808 3006 871 3039 ρος

912 1276 947 1305 et
973 1270 1137 1314 εταῖρος,
1171 1271 1372 1318 permisceri
1406 1270 1518 1305 solere
1552 1269 1588 1304 in
1612 1268 1728 1310 codd.

910 1330 1007 1352 nemo
1034 1319 1154 1354 nescit.
1188 1331 1220 1354 v
1245 1319 1382 1352 Jacobs.
1409 1316 1548 1351 Anthol.
1566 1316 1678 1349 Palat.
1694 1317 1730 1351 3.

912 1377 944 1407 p
969 1367 1038 1400 560
1057 1372 1124 1398 etc.
1150 1385 1193 1390 —
1239 1364 1340 1409 ἤιεν
1365 1364 1410 1399 ἐκ
1433 1378 1465 1398 κ.
1501 1363 1550 1396 sic
1572 1362 1732 1396 meliores

911 1411 1002 1445 libri.
1036 1412 1203 1445 Cantabr.
1227 1417 1262 1445 et
1283 1411 1343 1445 alii
1367 1410 1521 1444 nonnulli
1546 1408 1669 1442 codd.:
1695 1405 1730 1452 ἦ.

911 1456 948 1512 ἐς
973 1459 1128 1501 κλισίηι,
1154 1469 1254 1503 quam
1275 1464 1360 1503 puto
1379 1468 1456 1490 esse
1479 1454 1732 1489 correctionem

912 1505 1009 1547 ejus,
1036 1505 1096 1549 qui
1120 1505 1321 1538 abuteretur
1346 1515 1447 1537 ιειειι
1472 1502 1566 1543 24οἾ
1592 1513 1659 1546 quo
1679 1502 1732 1535 lo·-

913 1563 952 1584 co
987 1551 1189 1584 ldomeneus
1226 1550 1407 1585 tentorium
1444 1560 1542 1582 suum
1580 1547 1732 1581 intrasse

915 1597 1045 1630 dicitur
1075 1598 1118 1630 ad
1155 1609 1249 1631 arma
1282 1596 1462 1641 capienda.
1523 1599 1643 1628 contra
1675 1594 1732 1628 hic

915 1642 953 1678 ἐκ
989 1642 1225 1700 παραλλήλου
1259 1643 1354 1676 dicta
1379 1648 1459 1676 sunt
1483 1642 1593 1675 verba
1624 1638 1732 1684 ε’ρχὸ-

915 1703 1024 1733 μενος
1051 1704 1127 1733 παρ
1172 1690 1321 1734 ἑταίρου
1347 1697 1384 1723 et
1410 1687 1489 1732 ἤιεν
1512 1687 1551 1723 ἐκ
1579 1690 1733 1731 κλισίης,

914 1737 1244 1791 intelligendumque
1278 1743 1331 1770 est
1363 1734 1570 1775 tentorium,
1604 1734 1639 1767 in
1664 1746 1732 1779 quo

915 1784 1067 1817 cubabat
1091 1783 1245 1817 minister
1264 1783 1323 1816 ille
1344 1782 1448 1825 regis.
1469 1801 1514 1805 ——
1531 1780 1633 1814 Sch.·
1654 1793 1733 1823 με-

914 1832 1067 1864 νοίνα.
1093 1830 1155 1873 (κ’,
1183 1832 1246 1865 101
1268 1829 1357 1872 etc.)
1383 1828 1614 1869 ἐνεθυμεῖτο.
1649 1826 1733 1862 οἷν-

913 1875 1073 1911 τιάαν.
1109 1877 1160 1919 (v.
1186 1887 1265 1909 ann.
1293 1875 1336 1908 ad
1363 1889 1411 1916 α,
1436 1874 1513 1918 31.)
1547 1877 1734 1918 μεταλαμ-

913 1921 1054 1969 βάνειν,
1079 1920 1328 1965 ἐφάπτεσθαι.
1349 1941 1394 1946 —
1422 1922 1734 1965 Πλευρῶνι-

915 1971 1187 2005 Καλυδῶνι.
1226 1968 1272 2015 β’,
1297 1969 1377 2004 639.
1401 1978 1460 2012 seq
1465 1979 1496 2001 u.
1522 1968 1566 2002 de
1592 1968 1734 2002 homoe-

914 2017 1064 2052 oteleuto
1082 2016 1208 2051 dictum
1229 2026 1307 2049 ann.
1331 2015 1374 2049 ad
1397 2014 1550 2058 ejusdem
1576 2014 1656 2049 libri
1674 2016 1733 2050 87.

960 2086 1028 2120 219
1055 2097 1152 2130 sequ.
1201 2085 1383 2127 ,,ποῦτ.
1411 2097 1447 2118 α.
1487 2083 1732 2128 οἴχονται,

914 2138 954 2166 ut
976 2134 1027 2175 πῆ
1054 2131 1142 2177 εβαν
1169 2129 1326 2176 ευχωλαὶ
1353 2135 1422 2165 etc.
1464 2129 1519 2171 θ’,
1552 2132 1634 2166 229.
1684 2131 1732 2165 cf.

915 2177 960 2225 β’,
986 2181 1208 2221 286-283,
1233 2177 1281 2222 ν’,
1307 2180 1390 2213 83.“
1417 2178 1452 2211 E
1475 2178 1544 2221 CL,
1569 2178 1624 2221 K,
1650 2177 1700 2211 H.

962 2249 1196 2283 222-233.
1251 2248 1344 2282 νῦν
1379 2243 1418 2287 γ’
1449 2245 1623 2288 αἴτιος.
1684 2247 1735 2281 sic

917 2295 1159 2336 Aristarchus,
1194 2300 1284 2328 teste
1310 2295 1338 2326 Α
1364 2294 1501 2334 schot,
1539 2299 1575 2329 et
1599 2293 1735 2338 vulgati

915 2341 996 2374 libri
1021 2351 1132 2386 usque
1161 2341 1203 2374 ad
1231 2341 1371 2381 Wolfii,
1403 2340 1464 2384 qui
1495 2341 1666 2374 Venetum
1699 2345 1736 2374 et

916 2387 1002 2421 alios
1018 2387 1195 2421 nonnullos
1216 2387 1317 2422 codd.
1334 2387 1445 2420 bonae
1471 2392 1576 2421 notae
1593 2391 1735 2421 secutus

916 2434 1030 2467 omisit
1052 2447 1091 2478 γε
1127 2434 1351 2478 particulam,
1385 2432 1522 2467 minime
1554 2433 1735 2489 inelegan·

917 2486 996 2513 tem.
1032 2500 1078 2504 —
1110 2481 1213 2514 Sch.:
1246 2481 1381 2523 ἴσχει.
1418 2478 1548 2524 ἐπέχει.
1583 2477 1736 2524 (ἀκή-

917 2539 1036 2570 ριον.
1076 2524 1114 2568 ε’,
1149 2528 1248 2571 812.)
1286 2523 1531 2562 οἷνδύεται.
1569 2525 1736 2561 ἀναδύε-

918 2586 991 2608 ται.
1025 2573 1197 2628 (dictum,
1233 2579 1272 2607 ut
1299 2571 1501 2616 ὑποτρέσαι
1527 2570 1614 2608 οὐδ
1643 2571 1736 2608 olva-

920 2621 1032 2654 δῦναι
1056 2617 1103 2664 η’,
1128 2622 1208 2655 217.
1237 2625 1273 2653 et
1296 2619 1346 2665 μή
1370 2624 1427 2660 τίς
1451 2633 1516 2663 μοι
1533 2617 1738 2659 ὑποδείσας

920 2664 1080 2711 α’ναδύῃ.
1137 2666 1266 2712 duplex
1302 2666 1390 2701 enim
1425 2672 1479 2700 est
1515 2667 1613 2711 liujus
1638 2666 1735 2700 verbi

920 2713 1155 2757 significatio,
1180 2713 1290 2747 altera
1314 2713 1525 2757 emergendi,
1549 2714 1661 2747 altera
1682 2725 1736 2747 re-

920 2760 1079 2804 fugiendi
1114 2771 1174 2793 seu
1203 2759 1408 2799 recusandi,
1442 2765 1541 2804 tropo
1571 2771 1592 2793 a
1624 2760 1737 2793 bubus

916 2807 1035 2850 jugum
1055 2806 1347 2840 detrectantibus.
1396 2806 1548 2862 Hesych.
1563 2831 1572 2839 .
1600 2803 1736 2841 ἀνδύε-

918 2866 1002 2896 ται,
1031 2850 1244 2908 cevassou'm
1286 2849 1484 2893 ἀνδύεται,
1515 2850 1736 2897 υπεγκλίνει,

917 2880 1176 2958 μεταφορικῶς
1220 2896 1296 2933 απὸ
1339 2900 1415 2933 τῶν
1450 2896 1736 2943 οἷφηνιαζόντων

916 2944 1058 2991 ’ὑποζυγ
1063 2948 1130 2982 ι’ων
1170 2946 1233 2981 καὶ
1272 2942 1318 2980 ου’
1354 2942 1555 2980 θελόντων.
1589 2948 1642 2981 Ex
1669 2948 1734 3001 113)

917 2993 1097 3037 μέλλει.
1123 2993 1183 3036 (ν.
1202 2991 1249 3035 α’,
1274 2990 1366 3035 564,
1391 2990 1437 3037 β’,
1464 2994 1543 3029 116.
1568 2999 1604 3028 et
1627 3005 1735 3040 lnpn
