1877 3277
823 167 1220 209 OMHPOY
1851 152 1865 268 st

352 268 447 326 αἷμ’
477 272 636 327 ἐμέων,
666 274 757 317 ἐπεὶ
787 275 843 318 οὗ
873 292 949 330 μιν
978 273 1288 330 ἀφαυρότατος
1316 272 1419 328 βάλ’
1446 273 1641 330 Ἀχαιῶν.

348 327 426 370 τὸν
457 329 502 371 δὲ
532 330 640 372 ἰδών
668 329 810 386 ἐλέησε
840 331 982 401 πατήρ
1015 331 1190 385 ανδρῶν
1218 347 1262 374 τε
1291 335 1411 373 θεῶν
1440 348 1506 382 τε,

426 448 516 503 „H
541 450 656 507 μάλα
686 453 739 522 δὴ
768 453 1050 509 κακότεχνος,
1099 453 1311 509 ἀμήχανε,
1344 453 1421 504 σός
1454 454 1604 509 δόλος,
1623 454 1758 512 ““Ήρη,

265 511 317 552 15
334 506 525 579 Έκτορα
556 510 653 550 δῖον
683 508 842 553 ἔπαυσε
871 511 1029 566 μάχης,
1061 510 1249 581 ἐφόβησε
1280 511 1326 553 δὲ
1359 512 1507 562 λαούς.

348 563 401 606 οὐ
432 565 518 618 μὰν
549 562 640 607 οἷδ’
669 566 705 607 εἰ
736 568 838 609 αὐτε
867 567 1173 623 κακορραφίης
1198 566 1418 634 ἀλεγεινῆς

1850 273 1856 359 ἰ

350 385 471 427 δεινοὶ
503 383 547 428 δ’
578 385 754 441 ὑπόδρα
785 386 890 429 ἰδών
912 387 1054 443 ΓἨρην
1086 388 1196 440 πρὸς
1227 391 1376 442 μῦθον
1406 387 1568 430 εἐιπεν
1850 362 1864 450 Ξ

1849 395 1864 567 l

346 620 497 676 πρώτη
527 618 767 677 ἐπαύρηαι,
799 625 874 667 καί
903 633 949 667 σε
978 628 1194 681 πληγῇσιν
1224 623 1403 679 ἱμάσσω.
1848 619 1854 680 l

175 766 249 795 κως
273 755 319 812 τῇ
340 756 458 811 ψυχῇ,
486 755 550 790 καὶ
567 768 612 790 ου
633 756 862 800 διακείμενος
880 769 981 793 ovis—

174 814 267 842 τως,
295 798 377 836 αλλ’
401 801 596 842 ἀσυνέτως.
625 802 728 847 (Ap.:
754 802 978 840 α’πινύσσων.

175 846 387 888 ἀπινυτῶν,
435 846 698 904 οἷσωφρονῶν,
739 847 811 907 ,οὐκ
851 846 902 886 ὢν
941 851 980 886 ἐν

174 894 307 939 ἑαυτῷ.
354 894 398 927 cs.
431 895 475 927 H.
512 914 555 920 -
587 891 698 949 αἷμ’
731 894 892 952 ἐμέων.
935 897 978 940 ξ’,

173 940 273 995 437.)
298 937 382 973 οὐκ
407 937 755 985 ἀφαυρότατος.
780 941 849 977 ov’n
865 942 979 978 ἀσθε-

173 984 252 1030 νής.
279 985 466 1031 (pertinere
496 986 633 1020 videtur
659 988 745 1021 haec
768 988 979 1035 interpreta-

173 1032 222 1065 tio
253 1032 297 1065 ad
329 1032 530 1077 scripturam
565 1029 842 1078 ἀφαυρότερος,
877 1047 978 1080 quam

173 1078 301 1112 habent
325 1078 455 1122 aliquot
480 1078 602 1119 codd„
639 1091 756 1114 errore
788 1081 872 1114 satis
906 1082 978 1116 fre—

173 1124 301 1168 quenti.
334 1143 379 1147 -
419 1124 533 1168 figura
560 1124 647 1159 κατ’
683 1124 896 1171 ἀπόφασιν,
935 1130 978 1161 de

172 1169 383 1257 (μιειῙΞεέ,
336 1168 383 1214 α’,
408 1171 508 1214 330.)
544 1190 590 1195 —
621 1168 810 1218 υπὸδρα
844 1171 977 1209 ἰδών.

172 1227 198 1250 α

219 1260 520 1304 14—17.longe
554 1260 664 1295 lenius
695 1262 793 1297 Jovis
824 1263 979 1298 reconci-

170 1306 345 1341 liationem
387 1318 461 1340 cum
504 1307 636 1341 Junone
677 1309 843 1343 tractavit
881 1311 978 1353 Virg.

171 1356 257 1387 Aen.
286 1356 350 1394 12,
374 1355 437 1388 791
458 1371 489 1375 —-
504 1352 603 1394 842,
630 1355 752 1405 quibus
771 1356 832 1388 hos
857 1367 977 1390 versus

171 1399 365 1457 adscripsit
372 1399 491 1432 Eichh.
504 1398 605 1432 Sch.·
628 1398 652 1444 ἧ
670 1414 696 1444 μ
710 1399 860 1435 olla—⁹
859 1400 975 1446 ’.Ηρη

171 1444 288 1486 ὄντως
319 1444 366 1489 δὴ
399 1442 417 1480 ὁ
450 1443 508 1479 ἐπὶ
520 1446 641 1500 κακῷ
677 1448 773 1491 [σου]
810 1459 975 1504 τετεχνα-

171 1491 301 1535 σμένος
327 1490 452 1532 ὁόλος,
500 1503 529 1524 ω
558 1488 679 1535 Ἡρα,
722 1495 789 1528 τὸν
813 1491 976 1550 Έζιτορα

172 1537 267 1574 εὀικε
305 1539 371 1582 τῆς
409 1535 526 1582 μάχης
560 1539 797 1575 πεπαυκέναι.
854 1539 974 1585 οἰμή-

169 1596 290 1630 χανε.
332 1586 529 1639 πανοῦργε.
563 1584 657 1628 πρὸς
680 1582 722 1622 ὃν
747 1585 793 1623 οὐ
818 1586 975 1621 δύναταί

169 1644 225 1671 τις
266 1629 552 1687 μηχανήσασθαι
592 1631 655 1666 καὶ
689 1632 884 1688 ἐπινοῆσαι
927 1646 973 1667 τι.

170 1678 274 1723 (Ap.=
282 1674 573 1733 οἱπροσμήχανε,
621 1689 655 1711 ν.
671 1690 748 1714 ann.
767 1681 810 1713 ad
830 1678 874 1721 κ’,
896 1681 972 1714 167.

169 1742 215 1749 -
240 1721 294 1759 οὗ
322 1736 412 1766 μαν
448 1720 540 1759 οἶδ’
574 1724 621 1759 εἰ
642 1731 709 1761 etc.
744 1725 880 1759 dubitat
903 1726 975 1759 ira-

170 1774 244 1810 tus,
284 1771 366 1814 quid
399 1774 500 1823 agat:
552 1771 745 1815 castigetne
777 1771 975 1805 insidiosam

170 1816 374 1861 conjugem,
399 1828 441 1849 an
467 1815 499 1849 ei
526 1815 586 1849 det
611 1818 742 1851 veniam
771 1823 805 1851 et
828 1818 975 1871 impuni-

168 1866 296 1902 tatem;
329 1862 390 1896 sed
415 1861 465 1897 ita
489 1861 646 1905 dubitat,
677 1868 717 1896 ut
739 1864 782 1897 ad
807 1863 974 1897 severita-

168 1913 237 1942 tem
271 1908 459 1953 proclivior
497 1919 573 1941 esse
605 1890 840 1953 in’telligatur·
830 1933 840 1949 ‚
883 1908 974 1962 quod

169 1954 286 1989 Latini
324 1954 481 1988 similiter
520 1953 660 1989 dicunt·
705 1956 819 1989 haud
861 1954 975 1996 scio,

169 2000 225 2034 vel
254 2002 442 2042 nescio,
487 2012 534 2033 an
568 2007 603 2034 te
637 2001 786 2045 primam
818 2002 973 2043 puniam.

170 2046 328 2091 Xenoph.
348 2047 478 2091 Cyrop.
504 2048 538 2089 8,
563 2046 595 2087 4,
622 2049 696 2081 16.:
722 2047 768 2081 τοὶ
793 2046 832 2081 δὲ
857 2045 975 2081 ἐκπω-

168 2105 270 2136 ματα
300 2112 346 2117 ——
379 2092 448 2127 οὐκ
472 2071 549 2127 οἷδ’
574 2094 607 2127 εἰ
630 2092 829 2139 Χρυσάντα
853 2107 974 2136 τουτῳ

170 2140 246 2180 δῶ,
269 2139 327 2171 ubi
351 2150 385 2172 v.
411 2138 610 2172 Weiskeum
635 2106 685 2172 etp
692 2130 833 2184 interpp
857 2163 878 2198 '‚
891 2141 972 2173 item

169 2164 254 2220 Tat’.
278 2185 417 2219 Jacobs.
442 2196 476 2229 p.
502 2187 589 2225 167,
622 2187 698 2229 31.)
714 2185 972 2239 κακορῥα-

171 2233 297 2275 φίης.
331 2231 478 2276 (odyss.
501 2231 547 2276 β,
573 2210 663 2273 236,
687 2230 736 2275 μ’,
759 2233 834 2275 26.)
865 2245 975 2267 nocuo-

170 2277 382 2317 συνθεσίας,
407 2279 662 2333 κακοβουλίας.
690 2276 859 2321 (ῥαπτειν
881 2292 975 2313 κακα

171 2324 259 2358 dixit
282 2324 407 2378 Odyss.
434 2337 476 2367 y,
503 2325 589 2365 118,
614 2322 664 2366 π,
688 2325 768 2359 423.
779 2349 790 2366 ,
824 2330 860 2358 et
882 2324 975 2358 simi-

169 2370 252 2404 liter
284 2367 458 2414 ὑφαίνειν
491 2368 622 2412 δόλον,
658 2372 788 2414 μῆτιν,
819 2369 860 2413 ζ’,
897 2372 975 2412 187,

170 2416 219 2462 η’,
238 2415 308 2452 324
331 2421 399 2449 etc.
447 2415 564 2449 Latini
588 2415 707 2450 dicunt
730 2429 891 2451 consuere
915 2418 976 2450 do-

171 2465 240 2505 los,
262 2467 378 2497 texere
392 2463 556 2504 fraudes.
587 2480 633 2487 ——
665 2462 842 2507 πρώτη,
876 2463 976 2507 πραῖ-

169 2522 257 2550 τον,
297 2505 500 2554 πρότερον,
544 2508 740 2553 priusquam
776 2510 974 2554 Neptunum

169 2555 339 2597 ulciscar,
374 2555 429 2588 vel
454 2553 618 2597 Trojanis
647 2555 755 2612 opitu}
761 2566 808 2589 er.
856 2557 904 2588 [Cr
929 2557 973 2597 Ε,

170 2603 217 2644 Κ,
234 2602 300 2658 li.)
326 2599 575 2645 ἐπαύρηαι.
603 2600 668 2643 (α’,
690 2602 787 2642 410.)
812 2599 973 2644 ἐπιψαύ-

170 2660 225 2694 σῃ,
251 2645 463 2702 ἀπολαύσῃς
484 2648 550 2691 τῆς
565 2648 823 2693 κακοβουλιᾝας
844 2647 972 2691 ἱμάσ-

170 2706 238 2730 σω.
264 2691 330 2739 (β’,
347 2694 445 2737 782.)
465 2694 638 2736 μαστίξω.
676 2694 835 2737 supplicii
853 2706 972 2738 genus,

170 2752 239 2786 quo
262 2745 380 2774 sontes
401 2739 560 2783 suspensi
585 2753 603 2773 e
622 2739 792 2779 columna,
818 2740 972 2773 manibus

169 2786 325 2830 religatis
355 2785 632 2831 ponderibusque
656 2786 817 2830 appensis
841 2786 885 2819 ad
910 2798 971 2831 pe-

170 2833 252 2874 des,
285 2843 327 2866 ne
357 2832 908 2875 calcio-ment,flagellabant11r3
951 2843 971 2865 a

170 2889 240 2923 quo
264 2878 433 2923 supplicio
457 2877 500 2912 ad
525 2878 654 2922 majora
670 2877 864 2913 sutlocandi
883 2878 973 2921 (Od.

168 2924 212 2969 χ’,
235 2923 302 2959 465
318 2923 468 2968 -473.)
494 2928 529 2957 et
551 2923 660 2958 crucis
682 2934 876 2968 processum
896 2929 972 2965 est;

169 2970 275 3004 minus
301 2970 386 3011 suit,
425 2969 485 3003 sed
510 2969 618 3014 ipsum
643 2981 779 3014 quoque
805 2970 972 3013 permole-

168 3022 277 3056 stum,
300 3015 402 3057 illud,
427 3015 518 3061 quod
545 3016 663 3050 eodem
688 3016 772 3049 libro
793 3016 972 3060 Odysseae

1027 759 1093 794 173
1104 769 1201 803 seqq.
1226 758 1356 803 patitur
1373 769 1494 792 servus
1510 757 1730 797 Melanthius,
1755 769 1829 793 cum
1847 760 1861 806 ἠ

1024 805 1179 837 manibus
1213 805 1428 849 pedibusque
1459 804 1595 848 religati
1628 816 1648 837 e
1676 804 1861 861 columnall

1025 850 1230 895 pendebant.
1287 850 1336 883 ita
1370 850 1583 894 Pythagoras
1616 861 1681 904 ap.
1722 850 1827 895 Diog.
1847 848 1859 907 {l

1026 897 1140 930 Laert.
1166 898 1205 939 8,
1220 898 1285 930 21.
1312 906 1350 928 se
1380 895 1508 929 vidisse
1533 897 1583 929 ait
1615 895 1649 929 in
1675 896 1826 931 Tartaro
1846 909 1860 940 ι

1023 939 1093 987 τὴν
1124 940 1190 985 μὲν
1220 939 1396 976 “Ησιο’δου
1430 940 1571 999 ψυχήν
1596 938 1691 985 πρός
1731 942 1859 985 κίονις

1023 989 1161 1045 χαλκέῳ
1180 987 1395 1044 δεδεμένην,
1420 987 1488 1032 τήν
1507 986 1544 1023 δ’
1562 985 1730 1033 Ομήρου
1747 1001 1828 1031 κρε-
1845 991 1859 1028 *l

1023 1034 1189 1080 μαμένην
1228 1032 1302 1070 ἀπὸ
1339 1034 1510 1076 δένδρου.
1555 1033 1697 1068 Plautus
1730 1035 1828 1070 Asin.
1843 1038 1877 1089 Ιώ

1023 1084 1065 1124 2,
1089 1083 1128 1123 2,
1156 1082 1233 1116 35³
1269 1081 1383 1114 nudus
1402 1081 1537 1114 vinctus
1559 1086 1692 1114 centum
1715 1081 1828 1124 pondo
1864 1096 1877 1128 bs

1025 1139 1081 1167 es,
1105 1107 1242 1172 q'uando
1263 1127 1391 1171 pendes
1412 1138 1473 1169 per
1492 1126 1610 1170 pedes.
1657 1126 1716 1159 LI.
1754 1127 1848 1168 Quo*

1025 1178 1231 1217 argumento
1255 1172 1369 1206 istuc?
1402 1172 1475 1205 LE.
1510 1183 1576 1216 ego
1601 1172 1734 1213 dicam,
1763 1184 1829 1216 quo

1024 1225 1230 1264 argumento
1251 1225 1284 1252 et
1301 1230 1365 1262 qno
1382 1219 1493 1251 modo.
1526 1218 1583 1250 Ad
1595 1219 1701 1261 pedes
1716 1230 1828 1262 quan-

1026 1266 1068 1297 do
1100 1267 1288 1308 alligatum
1312 1270 1363 1298 est
1387 1275 1530 1308 aequom
1554 1266 1829 1308 centupondium,

1029 1311 1096 1344 Ubi
1118 1323 1241 1344 manus
1264 1310 1423 1344 manicae
1447 1311 1643 1353 complexae
1668 1316 1747 1344 sunt
1771 1316 1829 1344 at-

1023 1369 1087 1400 que
1112 1358 1286 1391 adductae
1310 1358 1357 1390 ad
1375 1357 1531 1399 trabem,
1565 1356 1638 1389 Nec
1664 1356 1828 1400 dependis

1022 1415 1084 1436 nec
1113 1403 1318 1447 propendis,
1353 1403 1435 1447 quin
1458 1420 1503 1426 —
1526 1402 1639 1435 malus
1661 1414 1828 1446 nequam-

1021 1461 1086 1492 que
1108 1451 1165 1482 sis.
1215 1449 1290 1482 Cic.
1315 1448 1349 1481 in
1377 1448 1516 1481 Verrem
1535 1449 1609 1481 Act.
1634 1449 1668 1490 2,
1692 1450 1726 1490 5,
1746 1450 1824 1484 62.ε

1019 1500 1160 1538 repente
1194 1496 1363 1528 hominem
1391 1495 1524 1537 proripi
1555 1499 1659 1537 atque
1692 1495 1827 1538 infore

1019 1542 1130 1574 medio
1155 1542 1284 1574 nudari
1315 1553 1356 1573 ac
1385 1540 1538 1584 deligari
1569 1545 1603 1573 et
1624 1540 1746 1584 virgas
1770 1553 1828 1575 ex-

1019 1588 1135 1640 pediri
1144 1588 1255 1630 jubet.
1291 1587 1421 1620 usitata
1440 1585 1508 1619 ista
1524 1585 1685 1619 Romanis
1702 1598 1827 1631 poena,

1019 1633 1078 1677 qui
1103 1634 1304 1667 verberatos
1325 1633 1381 1666 vel
1404 1632 1516 1665 securi
1543 1637 1744 1676 percutere,
1769 1633 1824 1667 vel

1019 1678 1053 1711 in
1089 1691 1224 1713 crucem
1257 1691 1363 1724 agere
1394 1678 1572 1718 solebant3
1613 1678 1828 1713 Graecorum

1018 1729 1121 1758 notus
1149 1731 1202 1759 est
1231 1723 1509 1768 τυιιπανισμός,
1542 1734 1618 1758 οιιιιι
1643 1723 1687 1757 ad
1711 1736 1827 1759 necem

1019 1771 1250 1804 caedebantur
1288 1777 1418 1806 sontes.
1484 1769 1576 1814 quod
1620 1770 1832 1814 suppliciumv

1019 1816 1104 1850 deus
1122 1817 1207 1851 deae
1231 1817 1351 1851 minari
1368 1827 1434 1850 non
1455 1815 1590 1860 potuit3
1619 1816 1734 1860 potuit
1751 1816 1825 1850 vir-

1019 1873 1103 1906 gas,
1131 1874 1224 1896 more
1241 1868 1312 1897 tum
1331 1864 1509 1897 hominum.
1556 1872 1620 1895 nec
1639 1867 1714 1896 erat
1732 1862 1826 1907 quod

1020 1909 1056 1941 id
1097 1908 1303 1943 mirarentur
1345 1909 1555 1953 interpretes
1596 1910 1631 1940 et
1663 1913 1827 1952 putarent

1020 1959 1131 1987 vatem
1157 1952 1385 2000 οἷλληγορεῖν·
1417 1953 1514 1987 velut
1532 1953 1746 1998 Porph)rius
1768 1966 1826 2009 ap.

1021 1999 1102 2033 Sch.
1130 2005 1164 2034 et
1188 2002 1303 2035 Schol.
1329 2003 1356 2035 B
1388 1999 1530 2033 incudes
1553 1999 1639 2032 duas
1662 1999 1795 2045 intellig
1798 2001 1827 2035 it

1020 2051 1145 2080 terram
1172 2052 1207 2081 et
1230 2059 1334 2082 mare.
1383 2044 1648 2091 801ι.;ρητέον
1672 2047 1733 2089 δὲ,
1764 2013 1836 2083 ὅςτί

1019 2093 1089 2126 νῦν
1115 2096 1315 2150 φιλοσοφεῖ
1334 2090 1512 2149 ’Όμηρος
1560 2093 1732 2149 μυθικῶς
1753 2092 1824 2138 γὰρ

1023 2136 1115 2179 Ζεὺς
1148 2136 1318 2196 ἐνταῦθα
1351 2136 1370 2173 ὁ
1405 2137 1525 2182 αἰθήρ
1557 2136 1726 2197 ούρανοῦ
1755 2141 1834 2198 τοῦι

1019 2186 1100 2227 περὶ
1123 2185 1192 2220 τὸν
1217 2183 1307 2230 οΞέρα
1330 2184 1463 2241 δεσμός
1487 2183 1582 2220 ἐστιν
1605 2185 1624 2220 ὁ
1650 2198 1750 2230 αγων
1776 2199 1825 2222 τα

1019 2228 1133 2274 ὑγρα,
1169 2245 1230 2267 και
1266 2233 1396 2276 (malim
1428 2244 1497 2272 ως,
1542 2243 1630 2277 quae
1653 2233 1833 2285 vocabula‘
1862 2257 1877 2279 5..

1020 2277 1155 2311 misceri
1183 2279 1325 2324 solent)
1362 2276 1400 2321 ἐξ
1433 2277 1553 2313 αὐτοῦ
1563 2277 1833 2335 δεσμεύονταις
1863 2304 1876 2326 <z

1019 2323 1151 2358 πάντα.
1211 2325 1292 2366 μετ’
1328 2323 1444 2360 αυτὸν
1480 2323 1520 2359 δὲ
1553 2319 1573 2358 ὁ
1610 2323 1684 2381 οἷὴρ
1715 2324 1833 2369 μέσος,
1864 2338 1876 2371 ι

1020 2371 1087 2414 γῆς
1110 2370 1172 2406 καὶ
1197 2370 1238 2406 ἆ
1228 2371 1324 2415 ἔρος,
1356 2368 1378 2408 ὃ
1409 2371 1469 2406 δεῖ
1492 2372 1594 2406 νοεῖν
1626 2369 1724 2415 ἡμᾶς
1754 2384 1824 2416 την
1866 2384 1877 2417 i}

1010 2416 1131 2460 ‘'Hpov
1155 2416 1344 2472 ὑπάρχειν.
1389 2418 1459 2452 τοῦ
1491 2414 1531 2452 δὲ
1561 2412 1669 2459 αέρος
1700 2415 1802 2461 ἐκκρέ
1826 2429 1832 2461 ᾗ
1866 2442 1877 2466 ι,

1021 2475 1135 2520 μαται
1165 2460 1267 2509 ὕδωρ
1300 2476 1338 2499 τε
1371 2463 1433 2499 καὶ
1466 2463 1533 2508 γῆ,
1549 2475 1635 2517 ους
1665 2464 1725 2499 δεῖ
1752 2465 1831 2510 νῦν,
1866 2490 1876 2510 7

1021 2523 1187 2554 ακμονας
1209 2510 1323 2555 λέγειν
1345 2508 1447 2553 παρὰ
1468 2509 1510 2544 τὸ
1537 2504 1745 2545 ακοπίαστα
1772 2508 1839 2554 εἴηἸ
1867 2526 1877 2558 ςΞ

1020 2569 1084 2591 ναι
1108 2570 1153 2590 τα
1178 2560 1347 2600 στοιχεῖα.
1396 2557 1515 2596 καλῶς
1544 2554 1585 2591 δὲ
1610 2553 1657 2591 ου’
1679 2556 1829 2600 δύναι’-Ι
1866 2571 1877 2602 '⁴1¹

1019 2615 1080 2637 ται
1115 2602 1150 2638 οὶ
1177 2604 1264 2638 θεοὶ
1295 2602 1360 2638 τὸν
1385 2601 1520 2646 δεσμὸν
1550 2603 1679 2637 λῦσαι·
1720 2604 1756 2638 ἰσ
1756 2616 1828 2648 χυςῖ
1868 2635 1877 2641 .

1019 2648 1088 2693 γαρ
1128 2649 1202 2683 τῶν
1238 2647 1332 2684 ὅλων
1363 2648 1406 2683 td
1442 2648 1700 2684 συνδεδέσθαι.
1747 2650 1826 2695 ‚‚cf..
1868 2671 1874 2684 ι

1019 2695 1195 2729 Heraclid.
1226 2697 1328 2730 Pont.
1366 2696 1409 2729 de
1442 2696 1543 2739 alleg.
1578 2695 1678 2729 Hom.
1709 2706 1740 2729 c.
1765 2691 1826 2737 40,ss

1018 2743 1075 2776 41.
1110 2754 1173 2775 uec
1190 2745 1298 2775 minus
1316 2742 1351 2774 in
1375 2741 1541 2784 allegoria
1563 2744 1749 2786 occupatus
1770 2745 1820 2776 est

1016 2788 1216 2822 Phurnutus
1249 2787 1345 2821 libris
1376 2787 1419 2821 de
1444 2787 1528 2821 Nat.
1552 2786 1691 2820 deorum
1720 2790 1756 2821 et
1778 2787 1825 2825 de‘

1018 2834 1158 2868 Homer.
1183 2833 1303 2878 poesi,
1327 2845 1357 2869 c.
1383 2835 1436 2867 17.
1462 2837 1497 2867 et
1523 2834 1575 2869 11.
1601 2833 1674 2866 scil.
1694 2838 1748 2867 est
1766 2832 1824 2867 hic

1017 2880 1110 2913 locus
1134 2880 1224 2913 inter
1249 2890 1328 2921 eos,
1360 2879 1395 2913 in
1420 2879 1543 2923 quibus
1567 2878 1742 2924 impietate
1767 2876 1824 2917 ‹ii-‚⁶

1016 2929 1145 2960 ctorum
1169 2925 1211 2960 de
1237 2926 1304 2960 diis
1327 2925 1473 2970 permoti
1498 2924 1691 2970 philosophi
1722 2935 1824 2961 exer-r

1019 2975 1164 3006 cuerunt
1195 2971 1311 3006 studia
1341 2972 1411 3016 jam
1443 2971 1523 3005 inde
1547 2982 1567 3005 a
1592 2971 1821 3016 Xenophane.
1863 2988 1877 3017 7?

1020 3029 1050 3053 v.
1080 3019 1177 3052 Sext.
1215 3017 1342 3063 Empir.
1377 3029 1410 3063 p.
1435 3017 1513 3054 280.
1547 3021 1583 3050 et
1606 3017 1703 3051 alios.
1750 3023 1821 3066 my·j
1868 3015 1876 3062 ζ

1826 2372 1836 2437 ‘rw

1865 2950 1875 2972 r:
1866 2900 1877 2925 ,τ
1868 2767 1877 2877 ι--β
1869 2707 1877 2741 Ἱπ-
