1847 3277
144 181 225 219 1132
764 181 1168 222 ΟΜΗΡΟΥ

311 285 607 340 ὀφθαλμοῖσιν
633 288 781 338 ἴδωσι,
813 286 868 330 6v
900 287 947 330 δὲ
976 287 1105 357 φρεσὶ
1132 291 1268 359 σῇσιν
1297 290 1479 358 ἰανθῇς·

202 344 281 387 175
314 341 535 395 [ὀμνυέτω
566 344 611 386 δέ
640 360 709 386 τοι
740 343 899 396 ὅρκον,
929 343 977 385 ἐν
1003 342 1258 397 Ἀργείοισιν
1288 344 1503 397 ἀναστάς,

309 397 471 468 μήποτε
499 403 575 454 τῆς
604 398 730 452 εὐνῆς
761 400 1031 471 ἐπιβήμεναι,
1063 399 1139 454 η’δὲ
1168 405 1358 455 μιγῆναι.

310 458 338 511 ᾖ
368 454 489 508 θέμις
518 456 651 504 ἐστὶν,
684 456 816 506 α’ναξ,
847 455 912 526 η’τ’
941 454 1118 509 ἀνδρῶν
1128 456 1218 525 ἤτε
1245 461 1490 512 γυναικῶν·

311 511 386 554 καὶ
420 512 465 554 δὲ
495 512 565 554 σοὶ
598 510 714 580 αὐτῷ
744 512 890 565 θυμός
918 511 982 554 ένι
1012 512 1169 566 φρεσὶν
1201 514 1321 564 ι’λαος
1352 514 1470 557 ε’στω.
1482 516 1497 568 ]

310 566 450 621 αὐτὰρ
482 567 624 610 ε’πειτά
653 557 699 611 σέ
729 568 842 611 δαιτὶ
874 568 939 612 ἐνὶ
968 570 1134 639 κλισίης
1162 567 1393 622 ἀρεσάσθω

201 628 280 668 180
307 626 476 677 πιείρη,
509 625 582 666 ι’να
612 622 710 677 μήτι
728 625 860 693 δίκης
893 624 1083 675 ἐπιδευες
1112 625 1300 696 ἔχῃσθα.

303 679 517 734 Ἀτρείδη,
546 679 600 722 σύ
637 679 680 722 δ’
713 680 855 723 ἔπειτα
885 681 1154 734 δικαιότερος
1181 682 1254 724 καὶ
1284 680 1345 724 ἐπ’
1377 680 1492 738 ὂὲλλῳ

309 736 473 779 ε’·σσεαι
504 735 558 779 οὐ
589 736 667 790 μὲν
694 735 778 792 γάρ
808 754 849 780 τι
862 738 1163 807 νεμεσσητὸν,
1196 741 1384 793 βασιλῆα

311 790 432 846 ἄνδρ’
462 791 818 847 ἀπαρέσσασθαι,
848 793 917 837 ὅτε
946 811 1010 844 τις
1038 793 1250 848 πρότερος
1279 794 1512 851 χαλεπήνῃ

360 882 456 925 cujus
488 882 629 917 consilio
659 882 818 924 laudato,
849 885 1078 927 Agamemnon
1104 887 1222 917 sancte
1253 896 1290 918 se
1323 883 1553 927 adjuraturum
1588 885 1637 920 ait
1661 887 1797 931 Achilli,

279 928 322 961 ab
346 939 383 961 se
408 939 474 961 non
498 940 575 962 esse
597 934 721 963 tactam
745 930 955 971 Briseidem3
982 936 1051 964 tum
1075 930 1279 964 sacrificium
1303 930 1419 975 parari
1438 931 1550 974 jubet.

389 1004 479 1048 Τὸν
509 1005 551 1049 δ’
582 1001 684 1049 αὖτε
712 1007 967 1061 προσέειπεν
997 1006 1104 1059 ἄναξ
1132 1007 1307 1060 ανδρῶν
1327 1007 1632 1076 Ἀγαμέμνων·

200 1063 319 1111 185,
325 1063 479 1115 ,χαίρω
511 1067 607 1113 σεῦ,
637 1064 908 1119 Λαερτιάδη,
939 1064 1016 1107 τὸν
1049 1068 1193 1118 μῦθον
1221 1063 1441 1116 ακούσας·

308 1116 356 1160 ἐν
385 1120 519 1190 μοίρῃ
548 1120 632 1191 γάρ
663 1122 804 1163 πάντα
836 1123 970 1164 διΐκεο
1001 1122 1073 1164 καὶ
1103 1121 1338 1172 κατέλεξας.

308 1178 445 1217 ταῦτα
476 1174 519 1218 δ’
551 1175 662 1231 ἐγών
690 1178 824 1220 ἐθέλω
856 1177 1035 1231 ὀμόσαι,
1065 1178 1232 1220 κέλεται
1264 1179 1309 1220 δέ
1338 1191 1389 1231 με
1418 1177 1584 1231 θυμὸς,

309 1228 408 1273 οὐδ’
429 1231 688 1300 ἐπιορκήσω
721 1234 829 1287 πρὸς
859 1236 1081 1288 δαίμονος.
1132 1233 1269 1287 αὐτὰρ
1296 1231 1509 1302 Ἀχιλλεὺς

309 1287 498 1341 μιμνέτω
530 1291 639 1333 αὐθι
667 1290 795 1341 τέως,
825 1291 899 1333 καὶ
929 1288 1203 1345 ἐπειγόμενός
1231 1306 1310 1343 περ
1342 1289 1500 1345 ἄρηος,

141 1399 256 1432 Schol.
283 1400 331 1432 Β·
365 1400 555 1456 ἰανθῇς.
586 1400 654 1444 (ο’,
682 1403 766 1443 103,
793 1400 856 1445 ψ’,
881 1403 949 1438 598
996 1406 1110 1446 Μεν.,
1143 1416 1174 1437 τ.
1204 1404 1255 1443 λ.,
1292 1401 1384 1445 quod
1416 1400 1573 1434 commoti
1610 1412 1686 1435 esse
1714 1402 1801 1436 dicit

142 1445 237 1486 etc.)
281 1447 475 1490 διαχυθεὶς
516 1445 735 1494 εὐφρανθῆς
774 1445 838 1483 διοὶ
880 1448 950 1493 τήν
995 1451 1112 1483 Herm.
1132 1460 1209 1482 ann.
1229 1448 1386 1491 adSoph.
1407 1448 1461 1482 El.
1482 1449 1560 1482 143.
1592 1448 1635 1480 cf.
1658 1449 1742 1481 Pors
1728 1460 1800 1482 on.

140 1489 263 1533 τιμήν.
996 1507 1072 1529 ann.
1107 1496 1151 1528 ad
1178 1494 1356 1538 Euripidis
1395 1493 1417 1529 l.
1449 1506 1477 1526 e.
1493 1494 1510 1536 )
1565 1491 1633 1528 ἐπ’
1672 1491 1799 1550 ἄλλῳ.

190 1538 395 1572 177—178.
423 1549 542 1571 versus
566 1537 802 1584 ταυτολόγοι,
827 1540 949 1585 putidi,
995 1539 1085 1585 πρὸς
1110 1539 1252 1579 ἄλλους.
1302 1540 1392 1572 idem
1423 1539 1531 1572 male·
1572 1537 1629 1574 ον’
1651 1538 1735 1583 μὲν
1756 1560 1801 1565 —-

141 1581 249 1626 inepti
271 1587 305 1616 et
323 1583 407 1617 male
424 1586 657 1627 cohaerentes,
677 1598 817 1629 quorum
832 1588 863 1621 3.
883 1598 948 1619 non
996 1591 1090 1631 χαλ.
1125 1585 1170 1621 ου’
1187 1584 1351 1630 μεμπτὸς
1370 1598 1440 1641 γαρ
1457 1598 1613 1629 υπαρχει
1631 1585 1802 1632 βασιλεὺς

141 1628 268 1672 legitur
296 1630 330 1661 in
360 1631 566 1674 Harlejano‚
606 1632 736 1665 Veneto
776 1632 946 1677 suppleto,
993 1632 1212 1677 θεραπεύων
1234 1631 1365 1674 ἄνδρα,
1388 1628 1431 1666 ὃν
1448 1635 1706 1687 προηδίκησεν.
1738 1645 1802 1667 nec

142 1674 311 1717 Lipsiensi
332 1676 474 1730 aliisque
493 1678 662 1711 nonnullis
683 1678 793 1719 cedd„
818 1679 946 1722 quippe
994 1681 1052 1714 alii
1072 1680 1209 1719 melius,
1235 1679 1331 1723 quasi
1350 1677 1438 1712 idem
1458 1679 1504 1711 sit
1521 1675 1802 1720 α’παρέσσασθαι

142 1721 313 1754 sublectus
338 1719 381 1762 ι’,
404 1724 492 1763 276,
517 1735 584 1767 quo
604 1724 679 1757 loco
700 1729 735 1756 et
754 1725 866 1767 simili,
890 1723 947 1767 qui
993 1733 1097 1769 atque
1126 1725 1376 1768 ἀρέσσασθαι,
1413 1735 1487 1757 cum
1517 1725 1725 1758 contrarium
1753 1726 1801 1760 si·-

142 1773 196 1799 est
214 1766 335 1800 ibidem
359 1769 454 1809 133„
483 1776 516 1801 et
541 1770 745 1814 reliquorum
769 1772 868 1803 sedes
893 1770 946 1802 in-
993 1772 1153 1816 gnificet3
1181 1773 1216 1805 id
1247 1770 1336 1816 quod
1358 1772 1453 1803 solus
1482 1769 1653 1804 intellexit
1674 1773 1719 1806 H.
1747 1773 1801 1804 fe-

139 1813 259 1846 venias
284 1821 422 1857 praeter
447 1795 589 1848 istoium
614 1816 675 1850 καὶ
700 1815 740 1850 δὲ
763 1817 821 1850 σοὶ
846 1816 947 1856 ε’,στω
992 1818 1082 1851 fellit
1106 1818 1285 1857 hominem
1307 1815 1399 1870 quod
1424 1816 1557 1849 nonnisi
1577 1821 1801 1860 Agamemno-

141 1869 228 1902 quae
256 1863 401 1903 apparet
431 1860 577 1894 conflata
603 1873 678 1895 esse
706 1874 748 1895 ex
775 1863 947 1906 interpre-
992 1876 1067 1897 nem
1100 1863 1167 1896 dici
1200 1845 1334 1907 puta⁷vit
1369 1859 1489 1903 ἄνδρα
1514 1863 1693 1907 βασιλῆα,
1726 1875 1800 1896 cum

140 1903 274 1937 tatione
293 1908 472 1938 verborum
496 1905 539 1940 σύ
564 1905 603 1940 δε
622 1909 729 1950 φρεσὶ
751 1908 855 1953 σῇσιν
871 1909 947 1941 ἰαν-
993 1909 1029 1942 id
1057 1921 1175 1942 nomen
1200 1908 1325 1942 ceteris
1351 1908 1561 1942 Graecorum
1588 1909 1801 1964 principibus

140 1949 227 1994 θῇς.
259 1952 378 1994 putide
397 1952 587 1996 explicator
602 1954 680 1994 iste,
700 1954 851 1998 quisquis
874 1953 949 1995 suit,
994 1956 1203 1999 ducibusque
1226 1966 1334 1999 aeque
1358 1953 1557 1987 conveniat.
1589 1966 1620 1989 v.
1645 1957 1733 1996 309,
1754 1952 1800 2001 β’,

141 1995 325 2050 adscripsit
341 1997 407 2030 ista
429 1998 472 2031 de
484 1999 719 2043 jurejurando
746 2012 847 2044 quae,
867 2007 950 2043 apta
994 2003 1082 2038 250
1189 2003 1255 2035 166
1280 2007 1347 2032 etc.
1384 1999 1650 2053 reprehensione
1675 1998 1822 2042 vacarel

141 2041 287 2075 orationi
316 2043 526 2086 legat-orum.
553 2046 699 2090 prudens
726 2046 794 2089 jam
822 2047 856 2078 in
885 2057 948 2078 sua
996 2047 1044 2080 ait
1074 2047 1237 2091 Ulysses,
1273 2045 1302 2079 si
1329 2045 1382 2078 vir
1414 2047 1529 2089 regius
1564 2046 1800 2080 iuconcilietur

141 2087 254 2121 omisit
275 2090 510 2132 Agamemnon,
536 2102 598 2123 nec
617 2103 803 2136 recoquere
825 2096 947 2134 putan-
995 2098 1100 2136 atque
1126 2093 1319 2125 inimicetur
1341 2091 1462 2132 alicui,
1501 2091 1559 2135 qui
1588 2093 1682 2136 prior
1706 2093 1800 2127 illum

141 2135 204 2167 (lus
225 2138 277 2167 est
298 2135 485 2180 vulnusque
510 2136 592 2169 illud
619 2137 785 2171 refricare
809 2139 948 2181 UIJsses
994 2138 1143 2171 laeserit.
1175 2150 1262 2181 quae
1280 2137 1450 2170 sententia
1468 2138 1700 2181 superioribus
1719 2144 1819 2182 apta}

140 2178 353 2223 πολύμητις.
389 2181 476 2215 idem
505 2182 717 2221 G=aeculus,
757 2195 858 2216 versu
890 2183 946 2216 77.
994 2191 1067 2225 est;
1090 2195 1154 2216 non
1176 2185 1254 2216 item
1281 2183 1354 2221 illa
1382 2194 1480 2226 quam
1508 2183 1592 2217 dicit.
1608 2184 1817 2219 Pseudodi-l

142 2227 290 2268 abusus,
325 2227 424 2260 metii
453 2229 566 2271 gratia
605 2209 735 2272 adjecit
767 2229 873 2262 verba
910 2227 948 2262 ἐν
994 2209 1126 2274 dynius.
1152 2230 1274 2262 leniter
1293 2234 1417 2269 autem,
1437 2233 1474 2261 ut
1492 2228 1593 2263 δοκεῖ,
1614 2231 1701 2263 lianc
1720 2242 1817 2275 per-n

140 2270 347 2315 Ἀργείοισιν
369 2272 540 2314 α’ναστιὲς,
562 2286 806 2328 perperamque
824 2274 948 2308 omisso.
993 2287 1130 2315 sonam,
1169 2281 1204 2308 et
1239 2274 1522 2317 ἀπαρέσσασθαι
1562 2275 1690 2309 dictum
1734 2282 1814 2317 est,

141 2319 312 2352 mentione
349 2319 522 2352 Briseidos
556 2321 697 2364 scripsit
727 2319 868 2363 μήποτε
904 2340 944 2344 -
994 2321 1215 2354 contumelias
1243 2321 1326 2354 illud
1346 2322 1525 2354 verborum
1545 2327 1580 2355 et
1598 2301 1814 2372 simultatenij'

141 2362 376 2408 ἔπιβήμεναι;
403 2377 488 2408 quae
507 2377 562 2399 res
577 2366 723 2399 offendit
740 2367 839 2400 etiam
852 2367 947 2400 Hev-
994 2367 1135 2401 ΑιὴίΙΙίε
1169 2379 1243 2400 cum
1276 2369 1525 2409 Agamemnone
1554 2367 1726 2407 indicans,
1765 2376 1813 2401 et

141 2422 250 2444 neum.
291 2410 382 2443 nulla
400 2412 516 2444 horum
534 2412 681 2456 vestigia
699 2418 779 2445 sunt
796 2401 1136 2470 ap.Scl1.7goc2.en
1148 2426 1167 2458 η
1180 2426 1250 2467 νῃ,
1275 2415 1463 2452 irascatur,
1491 2425 1551 2457 pro
1571 2419 1812 2457 consequente

191 2468 308 2502 179..
325 2468 400 2501 183
441 2467 543 2500 Schg
578 2466 849 2510 ἀρεσάσθω
883 2467 945 2512 (ῥ’
991 2457 1143 2504 νβρίση,
1190 2461 1353 2502 injuriam
1392 2459 1542 2501 inserat,
1584 2460 1674 2503 quod
1707 2460 1810 2495 fece-¹
1845 2503 1847 2514 Ι

141 2515 228 2557 362,
256 2513 385 2557 Odjss.
404 2511 464 2554 θ’,
486 2514 554 2548 396
573 2516 659 2558 etc.)
685 2514 735 2549 δι’
758 2514 947 2559 α’ρέσκειαν
993 2513 1050 2540 rat
1074 2507 1192 2549 Agam-

140 2560 428 2602 θεραπευσάτω,
462 2560 786 2614 φιλοφρονησατω.
835 2563 946 2604 (Aps
1042 2564 1107 2598 136
1125 2563 1247 2596 —188.
1291 2563 1392 2596 sch:
1426 2560 1473 2596 ἐν
1503 2562 1666 2605 μοίρῃ.
1705 2561 1807 2616 κατοὶΙ
1845 2592 1847 2614 Ι

142 2605 361 2651 ευαρεστουτ
366 2617 411 2638 τοι
432 2606 714 2648 καταστησάτω,
738 2614 773 2640 et
792 2607 948 2640 similiter
993 2607 1034 2643 τὸ
1058 2608 1263 2651 προσῆκον,
1293 2622 1387 2642 κατα
1421 2608 1461 2644 τό
1488 2607 1640 2649 πρέπον.
1684 2608 1806 2651 (idem

142 2653 233 2697 Hesy
238 2653 288 2685 ch.
310 2654 462 2695 placato,
487 2652 676 2687 conciliato.
725 2653 886 2686 Germani
912 2653 947 2685 id
995 2659 1047 2687 est
1078 2654 1171 2688 κατὰ
1203 2658 1338 2696 μοῖραν
1371 2652 1404 2688 α’
1414 2679 1424 2694 ‚
1456 2656 1525 2688 286
1556 2661 1590 2687 et.
1619 2654 1715 2687 alias
1751 2673 1796 2678 —

142 2699 259 2732 (licunt
291 2700 356 2731 den
394 2698 800 2742 lersiihnungsschmaus.
818 2701 834 2741 )
879 2711 947 2732 πι-
994 2701 1168 2741 διίκεο,
1202 2701 1364 2742 διῆλθες.
1390 2697 1435 2740 ι’,
1460 2699 1518 2734 61.
1557 2700 1650 2733 ΕΚ
1670 2705 1703 2733 et
1730 2693 1805 2742 11)

143 2746 255 2789 δίρῃ-
291 2743 340 2788 (σ
354 2769 363 2783 a
387 2744 475 2784 342,
497 2743 563 2778 541
589 2744 856 2790 etc)2.m‹›19‹},
883 2746 947 2778 δα-
993 2746 1110 2790 πρὸς
1134 2748 1380 2788 δαιμονος.
1415 2743 1508 2779 κατὰ
1531 2744 1636 2780 θεόν.
1681 2746 1803 2782 schol.-

141 2794 261 2832 ualet,
300 2793 499 2824 πολυτελεῖ.
551 2787 624 2823 ἔστι
666 2789 704 2825 ὸὲ
740 2790 945 2834 μεταφορά.
994 2793 1150 2826 'lowan
1189 2805 1237 2833 ως
1270 2790 1474 2836 ὁρκίζοντες
1516 2804 1638 2835 φαμεν
1678 2792 1803 2836 πρὸς

144 2835 492 2891 ἴνα-ἔχῃσθα.
517 2835 578 2869 ἵνα
597 2836 688 2880 μηδὲ
682 2837 948 2881 -νέλλιπῃτῶν
995 2837 1122 2878 Διός

143 2881 369 2926 ὀφειλόντων
385 2880 477 2925 πρὸς
498 2880 533 2914 σὲ
554 2883 702 2922 δικαίως
721 2883 950 2939 πραχθῆναι.
1044 2885 1119 2919 1ὃ9.
1160 2883 1207 2917 ita
1238 2885 1259 2918 3
1285 2883 1363 2916 mni
1389 2884 1508 2925 Vrat„
1546 2884 1579 2916 h.
1604 2895 1634 2916 e.
1666 2885 1799 2928 καίπερ
1839 2915 1844 2928 ⁴

143 2928 399 2972 (ἐπιδευὲς.
445 2927 490 2968 ι’,
522 2929 598 2961 225
634 2948 675 2954 -
737 2926 948 2973 Ἀτρείδη,
994 2928 1103 2971 ἐπειγ.
1131 2927 1186 2973 ἄρ.
1202 2955 1212 2970 ,
1246 2942 1336 2974 quae
1366 2930 1537 2974 scriptura
1568 2940 1629 2962 nec
1653 2930 1799 2973 Heyneoc
1837 2958 1840 2980 Ι

145 2987 196 3009 συ
222 2975 269 3010 δὲ
294 2979 358 3015 ——-,'
392 2979 430 3007 ut
457 2974 578 3028 Eun-ip.
609 2977 669 3008 Or.
701 2977 767 3010 64
793 2989 800 3009 τ
833 2975 949 3010 Illfvs'-
996 2975 1185 3020 displicuit
1219 2984 1255 3009 et
1279 2977 1430 3018 genuina
1455 2976 1593 3009 videtur
1617 2982 1796 3020 propteroa

143 3026 227 3063 λικε,
273 3024 327 3057 σοι
362 3018 400 3054 ὸὲ
433 3018 520 3055 τάδε
549 3018 658 3064 λέγω,
707 2976 778 3066 [3ο
806 3022 863 3056 σοὶ
897 3021 937 3057 δὲ
923 3046 950 3063 ,
997 3023 1089 3067 quod
1116 3021 1299 3055 verisimile
1323 3026 1394 3062 est,
1428 3032 1489 3066 pro
1522 3020 1583 3055 καὶ
1608 3022 1697 3055 sorte
1721 3032 1791 3065 per-
